@misc{this_paper,
Author = { ATLAS Collaboration},
Title = {Search for new phenomena in events containing a same-flavour opposite-sign dilepton pair, jets, and large missing transverse momentum in $\sqrt{s}=13$ TeV pp collisions with the ATLAS detector},
Year = {2016},
Eprint = {arXiv:1611.05791},
}

@misc{JETM-2016-008,
Author = { ATLAS Collaboration },
Title = {Public Plots: Missing Transverse Momentum Distribution and Performance in 2016 data},
month = {July},
year = {2016},
url = {https://atlas.web.cern.ch/Atlas/GROUPS/PHYSICS/PLOTS/JETM-2016-008/},
}

@misc{pixel,
Author = { ATLAS Collaboration },
Title = {Pixel Approved Plots},
year = {2010},
url = {https://twiki.cern.ch/twiki/bin/view/AtlasPublic/ApprovedPlotsPixel},
}

@misc{beamspot,
Author = { ATLAS Collaboration },
Title = {Beam Spot Public Results},
year = {2015},
url = {https://twiki.cern.ch/twiki/bin/view/AtlasPublic/BeamSpotPublicResults},
}

@misc{lumi,
Author = { ATLAS Collaboration },
Title = {Luminosity Public Results},
year = {2011},
url = {https://twiki.cern.ch/twiki/bin/view/AtlasPublic/LuminosityPublicResults},
}

@misc{lumi2,
Author = { ATLAS Collaboration },
Title = {Luminosity Public Results Run 2},
year = {2016},
url = {https://twiki.cern.ch/twiki/bin/view/AtlasPublic/LuminosityPublicResultsRun2},
}

@misc{trigger,
Author = { ATLAS Collaboration },
Title = {Trigger Operation Public Results},
year = {2016},
url = {https://twiki.cern.ch/twiki/bin/view/AtlasPublic/TriggerOperationPublicResults},
}


@misc{extremetech,
Author = { Graham Templeton },
Title = {How does the Large Hadron Collider work?},
month = {July},
year = {2015},
url = {https://www.extremetech.com/extreme/210215-extremetech-explains-what-is-the-large-hadron-collider},
}

@misc{preacc,
Author = { Forthommel },
Title = {English: Map of the CERN accelerator complex},
month = {May},
year = {2011},
url = {https://commons.wikimedia.org/wiki/File:Cern-accelerator-complex.svg},
}


@article{Aad:2014zya,
      author         = "Aad, Georges and others",
      title          = "{Muon reconstruction efficiency and momentum resolution
                        of the ATLAS experiment in proton-proton collisions at
                        $\sqrt{s}$ = 7 TeV in 2010}",
      collaboration  = "ATLAS",
      journal        = "Eur. Phys. J.",
      volume         = "C74",
      year           = "2014",
      number         = "9",
      pages          = "3034",
      doi            = "10.1140/epjc/s10052-014-3034-9",
      eprint         = "1404.4562",
      archivePrefix  = "arXiv",
      primaryClass   = "hep-ex",
      reportNumber   = "CERN-PH-EP-2013-154",
      SLACcitation   = "%%CITATION = ARXIV:1404.4562;%%"
}

@article{Aad:2014nim,
      author         = "Aad, Georges and others",
      title          = "{Electron and photon energy calibration with the ATLAS
                        detector using LHC Run 1 data}",
      collaboration  = "ATLAS",
      journal        = "Eur. Phys. J.",
      volume         = "C74",
      year           = "2014",
      number         = "10",
      pages          = "3071",
      doi            = "10.1140/epjc/s10052-014-3071-4",
      eprint         = "1407.5063",
      archivePrefix  = "arXiv",
      primaryClass   = "hep-ex",
      reportNumber   = "CERN-PH-EP-2014-153",
      SLACcitation   = "%%CITATION = ARXIV:1407.5063;%%"
}

@techreport{ATL-PHYS-PUB-2009-002,
      title         = "{The Expected Performance of the ATLAS Inner Detector}",
      institution   = "CERN",
      address       = "Geneva",
      number        = "ATL-PHYS-PUB-2009-002. ATL-COM-PHYS-2008-105",
      month         = "Aug",
      year          = "2008",
      reportNumber  = "ATL-PHYS-PUB-2009-002",
      url           = "http://cds.cern.ch/record/1118445",
}

@unpublished{Collaboration:2022202,
      author        = "ATLAS Collaboration",
      title         = "{ATLAS event at 13 TeV - First stable beam, 3 June 2015 -
                       run: 266904, evt: 25884805}",
      month         = "Jun",
      year          = "2015",
      reportNumber  = "ATLAS-PHO-Event-2015-016",
      url           = "https://cds.cern.ch/record/2022202",
      note          = "General Photo",
}

@article{1201.5469,
Author = {Peter Vankov},
Title = {ATLAS Upgrade for the HL-LHC: meeting the challenges of a five-fold increase in collision rate},
Year = {2012},
Eprint = {arXiv:1201.5469},
Doi = {10.1051/epjconf/20122812069},
}

@misc{egamma_trig,
  Author = {ATLAS Collaboration},
  Title = {Public Egamma Trigger Plots for Collision Data},
  howpublished = {"https://twiki.cern.ch/twiki/bin/view/AtlasPublic/EgammaTriggerPublicResults"},
  Year = {2016},
}

@misc{summary_plot,
  Author = {ATLAS Collaboration},
  Title = {ATLAS SUSY Searches - $95\%$ CL Lower Limits},
  howpublished = {"https://atlas.web.cern.ch/Atlas/GROUPS/PHYSICS/CombinedSummaryPlots/SUSY/ATLAS$\_$SUSY$\_$Summary/"},
  Year = {2016},
}

@article{1105.1110,
Author = {W. Beenakker and S. Brensing and M. Kr√§mer and A. Kulesza and E. Laenen and L. Motyka and I. Niessen},
Title = {Squark and gluino hadroproduction},
Year = {2011},
Eprint = {arXiv:1105.1110},
Doi = {10.1142/S0217751X11053560},
}

@article{ATLAS:2016kts,
      author         = "The ATLAS collaboration",
      title          = "{Further searches for squarks and gluinos in final states with jets and missing transverse momentum at $\sqrt{s}=13$ TeV with the ATLAS detector}",
      collaboration  = "ATLAS",
      year           = "2016",
      reportNumber   = "ATLAS-CONF-2016-078",
      SLACcitation   = "%%CITATION = ATLAS-CONF-2016-078;%%"
}

@article{1608.00872,
Author = { ATLAS Collaboration},
Title = {Dark matter interpretations of ATLAS searches for the electroweak production of supersymmetric particles in $\sqrt{s} = 8$ TeV proton-proton collisions},
Year = {2016},
Eprint = {arXiv:1608.00872},
Howpublished = {JHEP09 (2016) 175},
Doi = {10.1007/JHEP09(2016)175},
}

@article{WESS197439,
title = "Supergauge transformations in four dimensions",
journal = "Nuclear Physics B",
volume = "70",
number = "1",
pages = "39 - 50",
year = "1974",
note = "",
issn = "0550-3213",
doi = "http://dx.doi.org/10.1016/0550-3213(74)90355-1",
url = "http://www.sciencedirect.com/science/article/pii/0550321374903551",
author = "J. Wess and B. Zumino",

}

@ARTICLE{1971NuPhB..34..632G,
   author = {{Gervais}, J.-L. and {Sakita}, B.},
    title = "{Field theory interpretation of supergauges in dual models}",
  journal = {Nuclear Physics B},
     year = "1971",
    month = "nov",
   volume = "34",
    pages = {632-639},
      doi = {10.1016/0550-3213(71)90351-8},
   adsurl = {http://adsabs.harvard.edu/abs/1971NuPhB..34..632G},
  adsnote = {Provided by the SAO/NASA Astrophysics Data System}
}

@ARTICLE{1971PhRvD...3.2415R,
   author = {{Ramond}, P.},
    title = "{Dual Theory for Free Fermions}",
  journal = {Physical Review D},
     year = "1971",
    month = "may",
   volume = "3",
    pages = {2415-2418},
      doi = {10.1103/PhysRevD.3.2415},
   adsurl = {http://adsabs.harvard.edu/abs/1971PhRvD...3.2415R},
  adsnote = {Provided by the SAO/NASA Astrophysics Data System}
}

@book{Gell-Mann_1961, 
place={United States}, 
title={THE EIGHTFOLD WAY: A THEORY OF STRONG INTERACTION SYMMETRY}, 
url={http://www.osti.gov/scitech/servlets/purl/4008239}, 
DOI={10.2172/4008239}, 
abstractNote={A new model of the higher symmetry of elementary particles is introduced ln which the eight known baryons are treated as a supermultiplet, degenerate in the limit of unitary symmetry but split into isotopic spin multiplets by a symmetry-breaking term.  The symmetry violation is sscribed phenomenologically to the mass differences. The baryons correspond to an eight-dimensional irreducible representation of the unitary group. The pion and K meson fit into a similar set of eight particles along with a predicted pseudoscalar meson X/sup o/ having I = 0. A ninth vector meson coupled to the baryon current can be accomodated natarally in the scheme. It is predicted that the eight baryons should all have the same spin and parity and that pseudoscalar and vector mesons should form octets with possible additional singlets. The mathematics of the unitary group is described by considering three fictitious leptons, nu , e/sup -/ , and mu /sup -/, which may throw light on the structure of weak interactions. (D. L.C.)}, 
author={Gell-Mann, M.}, 
year={1961}, 
month={Mar}
}

@article{0803.0732,
Author = {G. Hinshaw and J. L. Weiland and R. S. Hill and N. Odegard and D. Larson and C. L. Bennett and J. Dunkley and B. Gold and M. R. Greason and N. Jarosik and E. Komatsu and M. R. Nolta and L. Page and D. N. Spergel and E. Wollack and M. Halpern and A. Kogut and M. Limon and S. S. Meyer and G. S. Tucker and E. L. Wright},
Title = {Five-Year Wilkinson Microwave Anisotropy Probe (WMAP) Observations: Data Processing, Sky Maps, and Basic Results},
Year = {2008},
Eprint = {arXiv:0803.0732},
Howpublished = {Astrophys.J.Suppl.180:225-245,2009},
Doi = {10.1088/0067-0049/180/2/225},
}

@article{astro-ph/0608407,
Author = {Douglas Clowe and Marusa Bradac and Anthony H. Gonzalez and Maxim Markevitch and Scott W. Randall and Christine Jones and Dennis Zaritsky},
Title = {A direct empirical proof of the existence of dark matter},
Year = {2006},
Eprint = {arXiv:astro-ph/0608407},
Howpublished = {Astrophys.J.648:L109-L113,2006},
Doi = {10.1086/508162},
}

@article{Agashe:2014kda,
      author         = "Olive, K. A. and others",
      title          = "{Review of Particle Physics}",
      collaboration  = "Particle Data Group",
      journal        = "Chin. Phys.",
      volume         = "C38",
      year           = "2014",
      pages          = "090001",
      doi            = "10.1088/1674-1137/38/9/090001",
      SLACcitation   = "%%CITATION = CHPHD,C38,090001;%%"
}

@article{Glashow:1961tr,
      author         = "Glashow, S. L.",
      title          = "{Partial Symmetries of Weak Interactions}",
      journal        = "Nucl. Phys.",
      volume         = "22",
      year           = "1961",
      pages          = "579-588",
      doi            = "10.1016/0029-5582(61)90469-2",
      SLACcitation   = "%%CITATION = NUPHA,22,579;%%"
}

@article{PhysRev.127.331,
  title = {Renormalizability of Gauge Theories},
  author = {Salam, Abdus},
  journal = {Phys. Rev.},
  volume = {127},
  issue = {1},
  pages = {331--334},
  numpages = {0},
  year = {1962},
  month = {Jul},
  publisher = {American Physical Society},
  doi = {10.1103/PhysRev.127.331},
  url = {http://link.aps.org/doi/10.1103/PhysRev.127.331}
}

@article{PhysRevLett.19.1264,
  title = {A Model of Leptons},
  author = {Weinberg, Steven},
  journal = {Phys. Rev. Lett.},
  volume = {19},
  issue = {21},
  pages = {1264--1266},
  numpages = {0},
  year = {1967},
  month = {Nov},
  publisher = {American Physical Society},
  doi = {10.1103/PhysRevLett.19.1264},
  url = {http://link.aps.org/doi/10.1103/PhysRevLett.19.1264}
}


@techreport{ATL-PHYS-PUB-2016-022,
      title         = "{Prospects for a search for direct pair production of top
                       squarks in scenarios with compressed mass spectra at the
                       high luminosity LHC with the ATLAS Detector}",
      institution   = "CERN",
      collaboration = "ATLAS Collaboration",
      address       = "Geneva",
      number        = "ATL-PHYS-PUB-2016-022",
      month         = "Oct",
      year          = "2016",
      reportNumber  = "ATL-PHYS-PUB-2016-022",
      url           = "https://cds.cern.ch/record/2220904",
}

@article{BRUN199781,
title = "ROOT ‚Äî An object oriented data analysis framework",
journal = "Nuclear Instruments and Methods in Physics Research Section A: Accelerators, Spectrometers, Detectors and Associated Equipment",
volume = "389",
number = "1",
pages = "81 - 86",
year = "1997",
note = "",
issn = "0168-9002",
doi = "http://dx.doi.org/10.1016/S0168-9002(97)00048-X",
url = "http://www.sciencedirect.com/science/article/pii/S016890029700048X",
author = "Rene Brun and Fons Rademakers",
abstract = "The ROOT system in an Object Oriented framework for large scale data analysis. ROOT written in C++, contains, among others, an efficient hierarchical OO database, a C++ interpreter, advanced statistical analysis (multi-dimensional histogramming, fitting, minimization, cluster finding algorithms) and visualization tools. The user interacts with ROOT via a graphical user interface, the command line or batch scripts. The command and scripting language is C++ (using the interpreter) and large scripts can be compiled and dynamically linked in. The OO database design has been optimized for parallel access (reading as well as writing) by multiple processes."
}

@misc{1009.1003,
Author = {Lorenzo Moneta and Kevin Belasco and Kyle Cranmer and Sven Kreiss and Alfio Lazzaro and Danilo Piparo and Gregory Schott and Wouter Verkerke and Matthias Wolf},
Title = {The RooStats Project},
Year = {2010},
Eprint = {arXiv:1009.1003},
}

@article{Cranmer:2012sba,
      author         = "Cranmer, Kyle and Lewis, George and Moneta, Lorenzo and
                        Shibata, Akira and Verkerke, Wouter",
      title          = "{HistFactory: A tool for creating statistical models for
                        use with RooFit and RooStats}",
      collaboration  = "ROOT",
      year           = "2012",
      reportNumber   = "CERN-OPEN-2012-016",
      SLACcitation   = "%%CITATION = CERN-OPEN-2012-016;%%"
}

@misc{agile,
      title       ="AGILEPack: Algorithms for Generalized Inference, Learning, and Extraction",
      url         ="http://lukedeo.github.io/AGILEPack/",
      author      ="Luke de Oliveira",
      year        ="2016",
}

@techreport{CMS-PAS-SUS-15-011,
      title         = "{Search for new  physics in final states with two
                       opposite-sign same-flavor leptons, jets and missing
                       transverse momentum in pp collisions at sqrt(s)=13 TeV}",
      institution   = "CERN",
      collaboration = "CMS Collaboration",
      address       = "Geneva",
      number        = "CMS-PAS-SUS-15-011",
      year          = "2015",
      reportNumber  = "CMS-PAS-SUS-15-011",
      url           = "https://cds.cern.ch/record/2114811",
}

@misc{1607.07741,
Author = {Wim Beenakker and Christoph Borschensky and Michael Kr√§mer and Anna Kulesza and Eric Laenen},
Title = {NNLL-fast: predictions for coloured supersymmetric particle production at the LHC with threshold and Coulomb resummation},
Year = {2016},
Eprint = {arXiv:1607.07741},
}

@article{1603.05598,
Author = { ATLAS Collaboration},
Title = {Muon reconstruction performance of the ATLAS detector in proton--proton collision data at $\sqrt{s}$=13 TeV},
Year = {2016},
Eprint = {arXiv:1603.05598},
Howpublished = {Eur. Phys. J. C (2016) 76:292},
Doi = {10.1140/epjc/s10052-016-4120-y},
}

@misc{isolation,
      title         = "{Official Isolation Working Points}",
      institution   = "CERN",
      collaboration = "ATLAS Collaboration",
      address       = "Geneva",
      month         = "Mar",
      year          = "2016",
      url           = "https://twiki.cern.ch/twiki/bin/view/AtlasProtected/IsolationSelectionTool#Photons",
}

@techreport{EGAM-2016-003,
      title         = "{Photon Identification Efficiencies using 2016 Data with radiative Z boson decays}",
      institution   = "CERN",
      collaboration = "ATLAS Collaboration",
      address       = "Geneva",
      number        = "EGAM-2016-003",
      month         = "Aug",
      year          = "2016",
      reportNumber  = "EGAM-2016-003",
      url           = "https://atlas.web.cern.ch/Atlas/GROUPS/PHYSICS/PLOTS/EGAM-2016-003/index.html",
}

@misc{1606.01813,
Author = { ATLAS Collaboration},
Title = {Measurement of the photon identification efficiencies with the ATLAS detector using LHC Run-1 data},
Year = {2016},
Eprint = {arXiv:1606.01813},
}

@techreport{ATL-PHYS-PUB-2016-014,
      title         = "{Photon identification in 2015 ATLAS data}",
      institution   = "CERN",
      collaboration = "ATLAS Collaboration",
      address       = "Geneva",
      number        = "ATL-PHYS-PUB-2016-014",
      month         = "Aug",
      year          = "2016",
      reportNumber  = "ATL-PHYS-PUB-2016-014",
      url           = "https://cds.cern.ch/record/2203125",
}

@techreport{ATLAS-CONF-2016-024,
      title         = "{Electron efficiency measurements with the ATLAS detector
                       using the 2015 LHC proton-proton collision data}",
      institution   = "CERN",
      collaboration = "ATLAS Collaboration",
      address       = "Geneva",
      number        = "ATLAS-CONF-2016-024",
      month         = "Jun",
      year          = "2016",
      reportNumber  = "ATLAS-CONF-2016-024",
      url           = "http://cds.cern.ch/record/2157687",
}

@Article{PERF-2015-10,
    author         = "{ATLAS Collaboration}",
    title          = "{Muon reconstruction performance of the ATLAS detector in proton--proton collision data at $\sqrt{s}=13$ TeV}",
    year           = "2016",
    reportNumber   = "CERN-EP-2016-033",
    eprint         = "1603.05598",
    archivePrefix  = "arXiv",
    primaryClass   = "hep-ex",
    journal        = "Eur. Phys. J. C",
    volume         = "76",
    pages          = "292",
    doi            = "10.1140/epjc/s10052-016-4120-y",
}

@article{astro-ph/9407006,
Author = {Craig J Copi and David N. Schramm and Michael S. Turner},
Title = {Big-Bang Nucleosynthesis and the Baryon Density of the Universe},
Year = {1994},
Eprint = {arXiv:astro-ph/9407006},
Howpublished = {Science 267 (1995) 192-199},
Doi = {10.1126/science.7809624},
}

@article{1605.05081,
Author = { The MEG Collaboration},
Title = {Search for the Lepton Flavour Violating Decay $\mu^{+} \rightarrow e^+ \gamma$ with the Full Dataset of the MEG Experiment},
Year = {2016},
Eprint = {arXiv:1605.05081},
}

@ARTICLE{1979PhLB...87..144H,
   author = {{Hut}, P. and {Olive}, K.~A.},
    title = "{A cosmological upper limit on the mass of heavy neutrinos}",
  journal = {Physics Letters B},
     year = 1979,
    month = oct,
   volume = 87,
    pages = {144-146},
      doi = {10.1016/0370-2693(79)90039-X},
   adsurl = {http://adsabs.harvard.edu/abs/1979PhLB...87..144H},
  adsnote = {Provided by the SAO/NASA Astrophysics Data System}
}


@article{PERF-2015-06,
      author         = "Aaboud, Morad and others",
      title          = "{A measurement of material in the ATLAS tracker using
                        secondary hadronic interactions in 7 TeV pp collisions}",
      collaboration  = "ATLAS",
      year           = "2016",
      eprint         = "1609.04305",
      archivePrefix  = "arXiv",
      primaryClass   = "hep-ex",
      reportNumber   = "CERN-EP-2016-137",
      SLACcitation   = "%%CITATION = ARXIV:1609.04305;%%"
}

 @article{Martin:1997ns,
      author         = "Martin, Stephen P.",
      title          = "{A Supersymmetry primer}",
      year           = "1997",
      doi            = "10.1142/9789812839657_0001, 10.1142/9789814307505_0001",
      note           = "[Adv. Ser. Direct. High Energy Phys.18,1(1998)]",
      eprint         = "hep-ph/9709356",
      archivePrefix  = "arXiv",
      primaryClass   = "hep-ph",
      reportNumber   = "FERMILAB-PUB-97-425-T",
      SLACcitation   = "%%CITATION = HEP-PH/9709356;%%"
}

@article{1748-0221-3-08-S08002,
  author={The ALICE Collaboration},
  title={The ALICE experiment at the CERN LHC},
  journal={Journal of Instrumentation},
  volume={3},
  number={08},
  pages={S08002},
  url={http://stacks.iop.org/1748-0221/3/i=08/a=S08002},
  year={2008},
  abstract={ALICE (A Large Ion Collider Experiment) is a general-purpose, heavy-ion detector at the CERN LHC which focuses on QCD, the strong-interaction sector of the Standard Model. It is designed to address the physics of strongly interacting matter and the quark-gluon plasma at extreme values of energy density and temperature in nucleus-nucleus collisions. Besides running with Pb ions, the physics programme includes collisions with lighter ions, lower energy running and dedicated proton-nucleus runs. ALICE will also take data with proton beams at the top LHC energy to collect reference data for the heavy-ion programme and to address several QCD topics for which ALICE is complementary to the other LHC detectors. The ALICE detector has been built by a collaboration including currently over 1000 physicists and engineers from 105 Institutes in 30 countries. Its overall dimensions are 16¬†√ó¬†16¬†√ó¬†26 m 3 with a total weight of approximately 10 000 t. The experiment consists of 18 different detector systems each with its own specific technology choice and design constraints, driven both by the physics requirements and the experimental conditions expected at LHC. The most stringent design constraint is to cope with the extreme particle multiplicity anticipated in central Pb-Pb collisions. The different subsystems were optimized to provide high-momentum resolution as well as excellent Particle Identification (PID) over a broad range in momentum, up to the highest multiplicities predicted for LHC. This will allow for comprehensive studies of hadrons, electrons, muons, and photons produced in the collision of heavy nuclei. Most detector systems are scheduled to be installed and ready for data taking by mid-2008 when the LHC is scheduled to start operation, with the exception of parts of the Photon Spectrometer (PHOS), Transition Radiation Detector (TRD) and Electro Magnetic Calorimeter (EMCal). These detectors will be completed for the high-luminosity ion run expected in 2010. This paper describes in detail the detector components as installed for the first data taking in the summer of 2008.}
}
  

@article{1748-0221-3-08-S08005,
  author={The LHCb Collaboration},
  title={The LHCb Detector at the LHC},
  journal={Journal of Instrumentation},
  volume={3},
  number={08},
  pages={S08005},
  url={http://stacks.iop.org/1748-0221/3/i=08/a=S08005},
  year={2008},
  abstract={The LHCb experiment is dedicated to precision measurements of CP violation and rare decays of B hadrons at the Large Hadron Collider (LHC) at CERN (Geneva). The initial configuration and expected performance of the detector and associated systems, as established by test beam measurements and simulation studies, is described.}
}
    
@article{1748-0221-3-08-S08004,
  author={The CMS Collaboration},
  title={The CMS experiment at the CERN LHC},
  journal={Journal of Instrumentation},
  volume={3},
  number={08},
  pages={S08004},
  url={http://stacks.iop.org/1748-0221/3/i=08/a=S08004},
  year={2008},
  abstract={The Compact Muon Solenoid (CMS) detector is described. The detector operates at the Large Hadron Collider (LHC) at CERN. It was conceived to study proton-proton (and lead-lead) collisions at a centre-of-mass energy of 14 TeV (5.5 TeV nucleon-nucleon) and at luminosities up to 10 34¬†cm ‚àí2¬†s ‚àí1 (10 27¬†cm ‚àí2¬†s ‚àí1 ). At the core of the CMS detector sits a high-magnetic-field and large-bore superconducting solenoid surrounding an all-silicon pixel and strip tracker, a lead-tungstate scintillating-crystals electromagnetic calorimeter, and a brass-scintillator sampling hadron calorimeter. The iron yoke of the flux-return is instrumented with four stations of muon detectors covering most of the 4œÄ solid angle. Forward sampling calorimeters extend the pseudorapidity coverage to high values (|Œ∑|¬†‚â§¬†5) assuring very good hermeticity. The overall dimensions of the CMS detector are a length of 21.6 m, a diameter of 14.6 m and a total weight of 12500 t.}
}
  

@book{lep_tdr,
      title         = "{LEP design report}",
      publisher     = "CERN",
      address       = "Geneva",
      year          = "1984",
      url           = "https://cds.cern.ch/record/102083",
      note          = "Copies shelved as reports in LEP, PS and SPS libraries",
}
    
@article{1748-0221-3-08-S08001,
  author={Lyndon Evans and Philip Bryant},
  title={LHC Machine},
  journal={Journal of Instrumentation},
  volume={3},
  number={08},
  pages={S08001},
  url={http://stacks.iop.org/1748-0221/3/i=08/a=S08001},
  year={2008},
  abstract={The Large Hadron Collider (LHC) at CERN near Geneva is the world's newest and most powerful tool for Particle Physics research. It is designed to collide proton beams with a centre-of-mass energy of 14 TeV and an unprecedented luminosity of 10 34 cm ‚àí2¬†s ‚àí1 . It can also collide heavy (Pb) ions with an energy of 2.8 TeV per nucleon and a peak luminosity of 10 27 cm ‚àí2¬†s ‚àí1 . In this paper, the machine design is described.}
}
  

@ARTICLE{1985ApJ...295..305V,
   author = {{van Albada}, T.~S. and {Bahcall}, J.~N. and {Begeman}, K. and 
  {Sancisi}, R.},
    title = "{Distribution of dark matter in the spiral galaxy NGC 3198}",
  journal = {The Astrophysical Journal},
 keywords = {Dark Matter, Disk Galaxies, Galactic Structure, Mass Distribution, Matter (Physics), Spiral Galaxies, Astronomical Models, Galactic Rotation, Halos, Mass To Light Ratios},
     year = 1985,
    month = aug,
   volume = 295,
    pages = {305-313},
      doi = {10.1086/163375},
   adsurl = {http://adsabs.harvard.edu/abs/1985ApJ...295..305V},
  adsnote = {Provided by the SAO/NASA Astrophysics Data System}
}

@article{zwicky,
title=  "{Die Rotverschiebung von extragalaktischen Nebeln}",
author=  "Zwicky, F.",
journal=  "Helvetica Physica Acta",
volume= "6", 
pages= "{110-127}",
year=  "1933",
}

@article{0901.0002,
Author = {A. D. Martin and W. J. Stirling and R. S. Thorne and G. Watt},
Title = {Parton distributions for the LHC},
Year = {2009},
Eprint = {arXiv:0901.0002},
Howpublished = {Eur.Phys.J.C63:189-285,2009},
Doi = {10.1140/epjc/s10052-009-1072-5},
}

@article{Messchendorp:2013ysj,
      author         = "Messchendorp, Johan",
      title          = "{Physics with Charmonium -- A few recent highlights of BESIII}",
      booktitle      = "{Proceedings, 51st International Winter Meeting on Nuclear Physics (Bormio 2013): Bormio, Italy, January 21-25,2013}",
      collaboration  = "BESIII",
      journal        = "PoS",
      volume         = "Bormio2013",
      year           = "2013",
      pages          = "043",
      eprint         = "1306.6611",
      archivePrefix  = "arXiv",
      primaryClass   = "hep-ex",
}

@book{Griffiths:111880,
      author        = "Griffiths, David J",
      title         = "{Introduction to elementary particles; 2nd rev. version}",
      publisher     = "Wiley",
      address       = "New York, NY",
      series        = "Physics textbook",
      year          = "2008",
      url           = "https://cds.cern.ch/record/111880",
}

@article{Pentaquark,
Author = { LHCb collaboration},
Title = {Observation of $J/\Psi p$ resonances consistent with pentaquark states in ${\Lambda_b^0\to J/\Psi K^-p}$ decays},
Year = {2015},
Eprint = {arXiv:1507.03414},
Howpublished = {Phys. Rev. Lett. 115, 072001 (2015)},
Doi = {10.1103/PhysRevLett.115.072001},
}

@book{Burgess:2007zi,
      author         = "Burgess, C. P. and Moore, G. D.",
      title          = "{The standard model: A primer}",
      publisher      = "Cambridge University Press",
      year           = "2006",
      reportNumber   = "ISBN-9780521860369",
      ISBN           = "9780511254857, 9781107404267, 9780521860369",
      SLACcitation   = "%%CITATION = ISBN-9780521860369;%%"
}

@article{ Huang:2016,
  author = {{Huang, Qing-Guo} and {Wang, Ke} and {Wang, Sai}},
  title = {Constraints on the neutrino mass and mass hierarchy from cosmological observations},
  DOI= "10.1140/epjc/s10052-016-4334-z",
  url= "http://dx.doi.org/10.1140/epjc/s10052-016-4334-z",
  journal = {Eur. Phys. J. C},
  year = 2016,
  volume = 76,
  number = 9,
  pages = "489",
}

@misc{Galbraith:2012,
      author        = "Galbraith, D.",
      url           = "http://davidgalbraith.org/portfolio/ux-standard-model-of-the-standard-model/",
      year          = "1997",
      title         = "The Standard Model of the Standard Model",
}

@misc{newscientist-pz,
      author        = "New Scientist",
      url           = "https://www.newscientist.com",
      title         = "The Particle Zoo",
}

@misc{crosssections,
  author        = "W.J. Stirling",
  url           = "http://www.hep.ph.ic.ac.uk/~wstirlin/plots/plots.html",
  year          = "2013",
  title         = "proton-(anti)proton cross sections", 
}

@misc{nobel2004,
  author        = "NobelPrize.org",
  url           = "https://www.nobelprize.org/nobel_prizes/physics/laureates/2004/popular.html",
  year          = "2016",
  title         = "The Nobel Prize in Physics 2004 - Popular Information", 
}

@article{Beenakker:1996ch,
      author         = "Beenakker, W. and H{\"o}pker, R. and Spira, M. and Zerwas,
                        P.M.",
      title          = "{Squark and gluino production at hadron colliders}",
      journal        = "Nucl. Phys. B",
      volume         = "492",
      pages          = "51-103",
      doi            = "10.1016/S0550-3213(97)00084-9",
      year           = "1997",
      eprint         = "hep-ph/9610490",
      archivePrefix  = "arXiv",
      primaryClass   = "hep-ph",
      reportNumber   = "DESY-96-150, CERN-TH-96-215",
      SLACcitation   = "%%CITATION = HEP-PH/9610490;%%",
}
@article{Kulesza:2008jb,
      author         = "Kulesza, A. and Motyka, L.",
      title          = "{Threshold resummation for squark-antisquark and
                        gluino-pair production at the LHC}",
      journal        = "Phys. Rev. Lett.",
      volume         = "102",
      pages          = "111802",
      doi            = "10.1103/PhysRevLett.102.111802",
      year           = "2009",
      eprint         = "0807.2405",
      archivePrefix  = "arXiv",
      primaryClass   = "hep-ph",
      reportNumber   = "DESY-08-096",
      SLACcitation   = "%%CITATION = ARXIV:0807.2405;%%",
}

@arxiv{Beenakker:1996ed,
     author    = "Beenakker, W. and others",
     year      = "1996",
     eprint    = "hep-ph/9611232",
     archivePrefix = "arXiv",
     SLACcitation  = "%%CITATION = HEP-PH/9611232;%%"
}

@article{Beenakker:1996ed,
      author         = "Beenakker, W. and H{\"o}pker, R. and Spira, M.",
      title          = "{PROSPINO: A Program for the production of supersymmetric
                        particles in next-to-leading order QCD}",
      year           = "1996",
      eprint         = "hep-ph/9611232",
      archivePrefix  = "arXiv",
      primaryClass   = "hep-ph",
      SLACcitation   = "%%CITATION = HEP-PH/9611232;%%",
}

@article{Sherstnev:2007nd,
      author         = "Sherstnev, A. and Thorne, R.S.",
      title          = "{Parton Distributions for LO Generators}",
      journal        = "Eur. Phys. J. C",
      volume         = "55",
      pages          = "553-575",
      doi            = "10.1140/epjc/s10052-008-0610-x",
      year           = "2008",
      eprint         = "0711.2473",
      archivePrefix  = "arXiv",
      primaryClass   = "hep-ph",
      reportNumber   = "CAVENDISH-HEP-2007-12",
      SLACcitation   = "%%CITATION = ARXIV:0711.2473;%%",
}

@article{Dine:1981gu,
      author         = "Dine, Michael and Fischler, Willy",
      title          = "{A Phenomenological Model of Particle Physics Based on
                        Supersymmetry}",
      journal        = "Phys. Lett. B",
      volume         = "110",
      pages          = "227",
      doi            = "10.1016/0370-2693(82)91241-2",
      year           = "1982",
      reportNumber   = "PRINT-82-0029 (IAS,PRINCETON)",
      SLACcitation   = "%%CITATION = PHLTA,B110,227;%%",
}

@article{AlvarezGaume:1981wy,
      author         = "Alvarez-Gaume, Luis and Claudson, Mark and Wise, Mark B.",
      title          = "{Low-Energy Supersymmetry}",
      journal        = "Nucl. Phys. B",
      volume         = "207",
      pages          = "96",
      doi            = "10.1016/0550-3213(82)90138-9",
      year           = "1982",
      reportNumber   = "HUTP-81-A063",
      SLACcitation   = "%%CITATION = NUPHA,B207,96;%%",
}

@article{Nappi:1982hm,
      author         = "Nappi, Chiara R. and Ovrut, Burt A.",
      title          = "{Supersymmetric Extension of the SU(3) x SU(2) x U(1)
                        Model}",
      journal        = "Phys. Lett. B",
      volume         = "113",
      pages          = "175",
      doi            = "10.1016/0370-2693(82)90418-X",
      year           = "1982",
      reportNumber   = "PRINT-82-0093 (IAS,PRINCETON)",
      SLACcitation   = "%%CITATION = PHLTA,B113,175;%%",
}

@article{Dine:1993yw,
      author         = "Dine, Michael and Nelson, Ann E.",
      title          = "{Dynamical supersymmetry breaking at low-energies}",
      journal        = "Phys. Rev. D",
      volume         = "48",
      pages          = "1277-1287",
      doi            = "10.1103/PhysRevD.48.1277",
      year           = "1993",
      eprint         = "hep-ph/9303230",
      archivePrefix  = "arXiv",
      primaryClass   = "hep-ph",
      reportNumber   = "SCIPP-93-03, UCSD-PTH-93-05",
      SLACcitation   = "%%CITATION = HEP-PH/9303230;%%",
}

@article{Dine:1994vc,
      author         = "Dine, Michael and Nelson, Ann E. and Shirman, Yuri",
      title          = "{Low-energy dynamical supersymmetry breaking simplified}",
      journal        = "Phys. Rev. D",
      volume         = "51",
      pages          = "1362-1370",
      doi            = "10.1103/PhysRevD.51.1362",
      year           = "1995",
      eprint         = "hep-ph/9408384",
      archivePrefix  = "arXiv",
      primaryClass   = "hep-ph",
      reportNumber   = "SCIPP-94-21, UW-PT-94-07",
      SLACcitation   = "%%CITATION = HEP-PH/9408384;%%",
}

@article{Dine:1995ag,
      author         = "Dine, Michael and Nelson, Ann E. and Nir, Yosef and
                        Shirman, Yuri",
      title          = "{New tools for low-energy dynamical supersymmetry
                        breaking}",
      journal        = "Phys. Rev. D",
      volume         = "53",
      pages          = "2658-2669",
      doi            = "10.1103/PhysRevD.53.2658",
      year           = "1996",
      eprint         = "hep-ph/9507378",
      archivePrefix  = "arXiv",
      primaryClass   = "hep-ph",
      reportNumber   = "SCIPP-95-32, UW-PT-95-08, WIS-95-29-JUL-PH",
      SLACcitation   = "%%CITATION = HEP-PH/9507378;%%",
}
@article{Buican:2008ws,
      author         = "Buican, Matthew and Meade, Patrick and Seiberg, Nathan
                        and Shih, David",
      title          = "{Exploring General Gauge Mediation}",
      journal        = "JHEP",
      volume         = "0903",
      pages          = "016",
      doi            = "10.1088/1126-6708/2009/03/016",
      year           = "2009",
      eprint         = "0812.3668",
      archivePrefix  = "arXiv",
      primaryClass   = "hep-ph",
      SLACcitation   = "%%CITATION = ARXIV:0812.3668;%%",
}

@article{:2012afa,
      title          = "{Search for diphoton events with large missing transverse
                        momentum in 7 TeV proton-proton collision data with the
                        ATLAS detector}",
      collaboration  = "ATLAS",
      journal        = "Phys.Lett.",
      volume         = "B718",
      pages          = "411-430",
      doi            = "10.1016/j.physletb.2012.10.069",
      year           = "2012",
      eprint         = "1209.0753",
      archivePrefix  = "arXiv",
      primaryClass   = "hep-ex",
      reportNumber   = "CERN-PH-EP-2012-234",
      SLACcitation   = "%%CITATION = ARXIV:1209.0753;%%",
}


@Booklet{ATLAS-CONF-2015-029,
      title           = "{Selection of jets produced in 13TeV proton-proton collisions with the ATLAS detector}",
      author          = "{ATLAS Collaboration}",  
      year            = "2015",
      howpublished    = "{ATLAS-CONF-2015-029}",
      url             = "http://cds.cern.ch/record/2037702"
}

@article{Chatrchyan:2011ah,
      title          = "{Search for supersymmetry in events with a lepton, a
                        photon, and large missing transverse energy in $pp$
                        collisions at $\sqrt{s}=7$ TeV}",
      author         = "{CMS Collaboration}",
      journal        = "JHEP",
      volume         = "1106",
      pages          = "093",
      doi            = "10.1007/JHEP06(2011)093",
      year           = "2011",
      eprint         = "1105.3152",
      archivePrefix  = "arXiv",
      primaryClass   = "hep-ex",
      reportNumber   = "CERN-PH-EP-2011-058, CMS-SUS-11-002",
      SLACcitation   = "%%CITATION = ARXIV:1105.3152;%%",
}
@article{CMS2,
      title          = "{Search for physics beyond the standard model in events with two leptons, jets, and missing transverse momentum in pp collisions at $\sqrt{s}$ = 8 TeV}",
      author         = "{CMS Collaboration}",
      journal        = "JHEP",
      volume         = "04",
      pages          = "124",
      year           = "2015",
      eprint         = "1502.06031",
      archivePrefix  = "arXiv",
      primaryClass   = "hep-ex",
      doi            = "10.1007/JHEP04(2015)124"
}

@Misc{CMS:2012rxa,
      key            = "1199163",
      title          = "{SUSY Search in Photon(s)+jets+\met final state with the
                        Jet-Gamma Balance method}",
      author         = "{CMS Collaboration}",
      year           = "2012",
      howpublished   = "{CMS-PAS-SUS-12-013}",
      url			  = "http://cdsweb.cern.ch/record/1477716",
      SLACcitation   = "%%CITATION = CMS-PAS-SUS-12-013 ETC.;%%",
}

@Misc{CMS:2012kwa,
      key            = "1199130",
      title          = "{Search for supersymmetry in events with photons and
                        missing energy}",
      author         = "{CMS Collaboration}",
      year           = "2012",
      howpublished   = "{CMS-PAS-SUS-12-018}",
      url			  = "http://cdsweb.cern.ch/record/1460385",
      SLACcitation   = "%%CITATION = CMS-PAS-SUS-12-018 ETC.;%%",
}

@article{:2012cja,
      title          = "{Search for supersymmetry in events with photons, bottom
                        quarks, and missing transverse momentum in proton-proton
                        collisions at a centre-of-mass energy of 7 TeV with the
                        ATLAS detector}",
      collaboration  = "ATLAS",
      year           = "2012",
      eprint         = "1211.1167",
      archivePrefix  = "arXiv",
      primaryClass   = "hep-ex",
      reportNumber   = "CERN-PH-EP-2012-308",
      SLACcitation   = "%%CITATION = ARXIV:1211.1167;%%",
}

@Booklet{zmet,
     author          = "{ATLAS Collaboration}",
     title     		 = "Search for supersymmetry in final states with jets, missing transverse momentum and a $Z$ boson at $\sqrt{s}=8~\TeV$ with the ATLAS detector",
     year      		 = "2012",
     howpublished   ="{ATLAS-CONF-2012-152}",
     url			 = "http://cds.cern.ch/record/1493491"
}

@Booklet{mono-jet,
     author          = "{ATLAS Collaboration}",
     title     		 = "Search for new phenomena with mono-jet plus missing
     transverse energy signature in proton-proton collisions at
     $\sqrt{s}=8~\TeV$ with the ATLAS detector: Inclusive analysis",
     year      		 = "2014",
     howpublished   ="{ATL-COM-PHYS-2014-1052}",
     url            = "http://cds.cern.ch/record/1751016"
}

@Booklet{photon-met,
     author          = "{ATLAS Collaboration}",
     title     		 = "Search for SUSY in events with photon, jets and missing transverse energy with the ATLAS detector",
     year      		 = "2014",
     howpublished    = "{ATL-COM-PHYS-2014-029}",
     url			 = "http://cds.cern.ch/record/1643485"
}

@article{Ruderman:2011vv,
      author         = "Ruderman, Joshua T. and Shih, David",
      title          = "{General Neutralino NLSPs at the Early LHC}",
      journal        = "JHEP",
      volume         = "1208",
      pages          = "159",
      doi            = "10.1007/JHEP08(2012)159",
      year           = "2012",
      eprint         = "1103.6083",
      archivePrefix  = "arXiv",
      primaryClass   = "hep-ph",
      SLACcitation   = "%%CITATION = ARXIV:1103.6083;%%",
}

@article{Hirsch:2004he,
      author         = "Hirsch, M. and Valle, J.W.F.",
      title          = "{Supersymmetric origin of neutrino mass}",
      journal        = "New J.Phys.",
      volume         = "6",
      pages          = "76",
      doi            = "10.1088/1367-2630/6/1/076",
      year           = "2004",
      eprint         = "hep-ph/0405015",
      archivePrefix  = "arXiv",
      primaryClass   = "hep-ph",
      reportNumber   = "IFIC-04-17",
      note			  = "and references therein",
      SLACcitation   = "%%CITATION = HEP-PH/0405015;%%",
}

@article{Romao:1999up,
      author         = "Romao, J.C. and Diaz, M.A. and Hirsch, M. and Porod, W.
                        and Valle, J.W.F",
      title          = "{A Supersymmetric solution to the solar and atmospheric
                        neutrino problems}",
      journal        = "Phys. Rev. D",
      volume         = "61",
      pages          = "071703",
      doi            = "10.1103/PhysRevD.61.071703",
      year           = "2000",
      eprint         = "hep-ph/9907499",
      archivePrefix  = "arXiv",
      primaryClass   = "hep-ph",
      SLACcitation   = "%%CITATION = HEP-PH/9907499;%%",
}

@article{Hirsch:2000ef,
      author         = "Hirsch, M. and Diaz, M.A. and Porod, W. and Romao, J.C.
                        and Valle, J.W.F.",
      title          = "{Neutrino masses and mixings from supersymmetry with
                        bilinear R parity violation: A Theory for solar and
                        atmospheric neutrino oscillations}",
      journal        = "Phys. Rev. D",
      volume         = "62",
      pages          = "113008",
      doi            = "10.1103/PhysRevD.62.113008, 10.1103/PhysRevD.65.119901",
      year           = "2000",
      eprint         = "hep-ph/0004115",
      archivePrefix  = "arXiv",
      primaryClass   = "hep-ph",
      reportNumber   = "FTUV-00-0412, IFIC-00-24",
      SLACcitation   = "%%CITATION = HEP-PH/0004115;%%",
}

@article{Diaz:2003as,
      author         = "Diaz, M.A. and Hirsch, M. and Porod, W. and Romao, J.C.
                        and Valle, J.W.F.",
      title          = "{Solar neutrino masses and mixing from bilinear R parity
                        broken supersymmetry: Analytical versus numerical
                        results}",
      journal        = "Phys. Rev. D",
      volume         = "68",
      pages          = "013009",
      doi            = "10.1103/PhysRevD.71.059904, 10.1103/PhysRevD.68.013009",
      year           = "2003",
      eprint         = "hep-ph/0302021",
      archivePrefix  = "arXiv",
      primaryClass   = "hep-ph",
      reportNumber   = "IFIC-03-03, ZU-TH02-03",
      SLACcitation   = "%%CITATION = HEP-PH/0302021;%%",
}

@article{Sjostrand:2006za,
      author         = "T. {Sj\"{o}strand} and S. Mrenna and P. Skands",
      title          = "{PYTHIA 6.4 Physics and Manual}",
      journal        = "JHEP",
      volume         = "0605",
      pages          = "026",
      doi            = "10.1088/1126-6708/2006/05/026",
      year           = "2006",
      eprint         = "hep-ph/0603175",
      archivePrefix  = "arXiv",
      primaryClass   = "hep-ph",
      reportNumber   = "FERMILAB-PUB-06-052-CD-T, LU-TP-06-13",
      SLACcitation   = "%%CITATION = HEP-PH/0603175;%%",
}

@Article{Frixione:2002ik,
     author    = "Frixione, Stefano and Webber, Bryan R.",
     title     = "{Matching NLO QCD computations and parton shower
                  simulations}",
     journal   = "JHEP",
     volume    = "0206",
     year      = "2002",
     pages     = "029",
     eprint    = "hep-ph/0204244",
     archivePrefix = "arXiv",
     SLACcitation  = "%%CITATION = HEP-PH/0204244;%%"
}

@Article{Frixione:2005vw,
     author    = "Frixione, Stefano and Laenen, Eric and Motylinski, Patrick
                  and Webber, Bryan R.",
     title     = "{Single-top production in MC@NLO}",
     journal   = "JHEP",
     volume    = "0603",
     year      = "2006",
     pages     = "092",
     eprint    = "hep-ph/0512250",
     archivePrefix = "arXiv",
     doi       = "10.1088/1126-6708/2006/03/092",
     SLACcitation  = "%%CITATION = HEP-PH/0512250;%%"
}

@Article{Frixione:2008yi,
     author    = "Frixione, Stefano and Laenen, Eric and Motylinski, Patrick
                  and Webber, Bryan R. and White, Chris D.",
     title     = "{Single-top hadroproduction in association with a W
                  boson}",
     journal   = "JHEP",
     volume    = "0807",
     year      = "2008",
     pages     = "029",
     eprint    = "0805.3067",
     archivePrefix = "arXiv",
     primaryClass  =  "hep-ph",
     doi       = "10.1088/1126-6708/2008/07/029",
     SLACcitation  = "%%CITATION = 0805.3067;%%"
}

@Article{Frixione:2010ra,
     author    = "Frixione, Stefano and Stoeckli, Fabian and Torrielli, Paolo
                  and Webber, Bryan R.",
     title     = "{NLO QCD corrections in Herwig++ with MC@NLO}",
     journal   = "JHEP",
     volume    = "1101",
     year      = "2011",
     pages     = "053",
     eprint    = "1010.0568",
     archivePrefix = "arXiv",
     primaryClass  =  "hep-ph",
     doi       = "10.1007/JHEP01(2011)053",
     SLACcitation  = "%%CITATION = 1010.0568;%%"
}

@Article{Alwall:2007st,
     author    = "Alwall, Johan and others",
     title     = "{MadGraph/MadEvent v4: The New Web Generation}",
     journal   = "JHEP",
     volume    = "0709",
     year      = "2007",
     pages     = "028",
     eprint    = "0706.2334",
     archivePrefix = "arXiv",
     primaryClass  =  "hep-ph",
     doi       = "10.1088/1126-6708/2007/09/028",
     SLACcitation  = "%%CITATION = 0706.2334;%%"
}

@article{Nason:2004rx,
      author         = "Nason, Paolo",
      title          = "{A New method for combining NLO QCD with shower Monte
                        Carlo algorithms}",
      journal        = "JHEP",
      volume         = "0411",
      pages          = "040",
      doi            = "10.1088/1126-6708/2004/11/040",
      year           = "2004",
      eprint         = "hep-ph/0409146",
      archivePrefix  = "arXiv",
      primaryClass   = "hep-ph",
}

@article{Frixione:2007vw,
      author         = "Frixione, Stefano and Nason, Paolo and Oleari, Carlo",
      title          = "{Matching NLO QCD computations with Parton Shower
                        simulations: the POWHEG method}",
      journal        = "JHEP",
      volume         = "0711",
      pages          = "070",
      doi            = "10.1088/1126-6708/2007/11/070",
      year           = "2007",
      note           = "* Temporary entry *",
      eprint         = "0709.2092",
      archivePrefix  = "arXiv",
      primaryClass   = "hep-ph",
}

@article{Muhlleitner:2003vg,
      author         = "Muhlleitner, M. and Djouadi, A. and Mambrini, Y.",
      title          = "{SDECAY: A Fortran code for the decays of the
                        supersymmetric particles in the MSSM}",
      journal        = "Comput. Phys. Commun.",
      volume         = "168",
      pages          = "46-70",
      doi            = "10.1016/j.cpc.2005.01.012",
      year           = "2005",
      eprint         = "hep-ph/0311167",
      archivePrefix  = "arXiv",
      primaryClass   = "hep-ph",
      reportNumber   = "CERN-TH-2003-252, PM-03-22, PSI-PR-03-17",
      SLACcitation   = "%%CITATION = HEP-PH/0311167;%%",
}

@article{ATLAS:2011ad,
      title          = "{Search for supersymmetry in final states with jets,
                        missing transverse momentum and one isolated lepton in
                        sqrt{s} = 7 TeV pp collisions using 1 $fb^{-1}$ of ATLAS
                        data}",
      collaboration  = "ATLAS",
      journal        = "Phys. Rev. D",
      volume         = "85",
      pages          = "012006",
      doi            = "10.1103/PhysRevD.85.012006",
      year           = "2012",
      eprint         = "1109.6606",
      archivePrefix  = "arXiv",
      primaryClass   = "hep-ex",
      reportNumber   = "CERN-PH-EP-2011-153",
      SLACcitation   = "%%CITATION = ARXIV:1109.6606;%%",
}

@article{Djouadi:2002ze,
      author         = "Djouadi, Abdelhak and Kneur, Jean-Loic and Moultaka,
                        Gilbert",
      title          = "{SuSpect: A Fortran code for the supersymmetric and Higgs
                        particle spectrum in the MSSM}",
      journal        = "Comput. Phys. Commun.",
      volume         = "176",
      pages          = "426-455",
      doi            = "10.1016/j.cpc.2006.11.009",
      year           = "2007",
      eprint         = "hep-ph/0211331",
      archivePrefix  = "arXiv",
      primaryClass   = "hep-ph",
      reportNumber   = "PM-02-39, CERN-TH-2002-325",
      SLACcitation   = "%%CITATION = HEP-PH/0211331;%%",
}

@article{Aad:2011dr,
      title          = "{Luminosity Determination in $pp$ Collisions at
                        $\sqrt{s}=7$ TeV Using the ATLAS Detector at the LHC}",
      collaboration  = "ATLAS",
      journal        = "Eur. Phys. J. C",
      volume         = "71",
      pages          = "1630",
      doi            = "10.1140/epjc/s10052-011-1630-5",
      year           = "2011",
      eprint         = "1101.2185",
      archivePrefix  = "arXiv",
      primaryClass   = "hep-ex",
      SLACcitation   = "%%CITATION = ARXIV:1101.2185;%%",
}




@Article{atlas1lep,
     collaboration    = "ATLAS",
     title     = "Search for supersymmetry using final states with one lepton, jets, and missing transverse momentum with the ATLAS detector in $\sqrt{s}$ = 7\,\TeV\ pp collisions",
     journal   = "Phys. Rev. Lett.",
     volume    = "106",
     year      = "2011",
     eprint    = "1102.2375",
     archivePrefix = "arXiv",
     primaryClass  =  "hep-ph",
     SLACcitation  = "%CITATION = 1102.2357;%%"
}
@Booklet{atlas1leplhcc,
    collaboration = "ATLAS",
     title     = " 	
Search for Supersymmetry with jets and missing transverse momentum and one lepton at $\sqrt{s}$= 7\,\TeV",
     year      = "2011",
     howpublished   ="ATLAS-CONF-2011-090"
}

@Booklet{confnote2012,
    collaboration = "ATLAS",
     title     = "Further search for supersymmetry at $\sqrt{s} = 7$~TeV
  in final states with jets, missing transverse momentum
and one isolated lepton",
     year      = "2012",
     howpublished   ="ATLAS-CONF-2012-041"
}




@Booklet{atlasmediumlived,
    collaboration = "Barlow, N. and others",
     title     = "Search for Heavy Medium-Lived Particles at ATLAS",
     year      = "2011",
     howpublished   ="ATLAS-COM-PHYS-2011-161"
}

@Booklet{atlas0leplhcc,
    collaboration = "ATLAS",
     title     = "Search for squarks and gluinos using final states with jets and Etmiss",
     year      = "2011",
     howpublished   ="ATLAS-CONF-2011-086"
}

@Article{atlas0leplp,
     collaboration    = "ATLAS",
     title     = "Search for squarks and gluinos using final states with jets and missing transverse momentum with the ATLAS detector in $\sqrt{s}$ = 7\,\TeV\ proton-proton collisions",
     eprint    = "1109.6572",
     archivePrefix = "arXiv",
     primaryClass  =  "hep-ex",
     SLACcitation  = "%%CITATION = 1109.6572;%%"
}

@Booklet{atlas1lepsupport2010,
     author    = "Asai, Shoji and others",
     title     = " 	
Search for Supersymmetry with jets and missing transverse momentum and one lepton at $\sqrt{s}=7\TeV$",
     year      = "2011",
     howpublished   ="{ATL-PHYS-INT-2011-008}"
}


@Booklet{atlas1leplhccsupport,
     author    = "Asai, Shoji and others",
     title     = " 	
Search for Supersymmetry with jets and missing transverse momentum and one lepton at $\sqrt{s}=7\TeV$",
     year      = "2011",
     howpublished   ="{ATL-PHYS-INT-2011-056}"
}


@Booklet{atlas1leplpsupport,
     author          = "{ATLAS Collaboration}",
     title     = " 	
Search for Supersymmetry with jets and missing transverse momentum and one lepton at $\sqrt{s}=7\TeV$",
     year      = "2011",
     url		= "http://cds.cern.ch/record/1387044",
     howpublished   ="{ATL-PHYS-INT-2011-082}"
}

@Booklet{atlas1lep2012support,
     author    = "Asai, Shoji and others",
     title     = " 	
Search for Supersymmetry with jets and missing transverse momentum and one lepton at $\sqrt{s}=7\TeV$",
     year      = "2012",
     howpublished   ="{ATL-PHYS-INT-2012-025}"
}


@Booklet{atlas2leplpsupport,
     author    = "Alonso, A. and others",
     title     = "Searching for Supersymmetry with two leptons and missing transverse momentum at $\sqrt{s} = 7\TeV$",
     year      = "2011",
     howpublished   ="{ATL-PHYS-INT-2011-091}"
}


@Booklet{atlas2lepsshcpsupport,
     author    = "Bruneliere, R. and others",
     title     = "Search for gluino with two same sign leptons, jets and missing transverse momentum at $\sqrt{s}=7\TeV$ (supporting INT note)", 
     year      = "2011",
     howpublished   ="{ATL-PHYS-INT-2012-042}"
}

@Misc{alpgensyststudy,
     author    = "Hohlfeld, M. and others",
     title     = "Estimating theory uncertainties in W/Z+jets and ttbar+jets events using the Alpgen generator", 
     year      = "2011",
     howpublished   ="{ATL-COM-PHYS-2012-070}"
}


@Misc{atlas2010bjetsupport,
     author    = "Abbott, B and al.",
     title     = "Background estimation for searches with missing transverse energy and b-jets Supersymmetry Sensitivity/Exclusion Limit Studies in the Missing Transverse Energy and b-Jets channel",
     year      = "2011",
     howpublished   ="{ATL-PHYS-INT-2011-040}"
}

@Misc{atlas20102lepsupport,
     author    = "Bechtle, P and al.",
     title     = "SUSY searches with dileptons and high missing transverse momentum",
     year      = "2011",
     howpublished   ="{ATL-PHYS-INT-2011-030}"
}

@Misc{ATL-COM-PHYS-2011-144,
     author    = "Abi, B and al.",
     title     = "Mis-identified lepton backgrounds to top quark pair production for Moriond 2011 analysis",
     year      = "2011",
     howpublished   ="{ATL-COM-PHYS-2011-144}"
}


%%%%%%%%%%%%%%%%%%%%%%%%%%%%%%%%%%%%%%%%%%%5
@Article{Miyazawa:1966,
     author    = "Miyazawa, H.",
     title     = "{Baryon Number Changing Currents}",
     journal   = "Prog. Theor. Phys.",
     volume    = "36 (6)",
     year      = "1966",
     pages     = "1266-1276",
     doi       = "10.1143/PTP.36.1266",
     SLACcitation  = "%%CITATION = PRTHP,36(6),1266;%%"
}
@Article{Ramond:1971gb,
     author    = "Ramond, P.",
     title     = "{Dual Theory for Free Fermions}",
     journal   = "Phys. Rev. D",
     volume    = "3",
     year      = "1971",
     pages     = "2415-2418",
     doi       = "10.1103/PhysRevD.3.2415",
     SLACcitation  = "%%CITATION = PHRVA,D3,2415;%%"
}
@Article{Neveu:1971rx,
     author    = "Neveu, A. and Schwarz, J. H.",
     title     = "{Factorizable dual model of pions}",
     journal   = "Nucl. Phys. B",
     volume    = "31",
     year      = "1971",
     pages     = "86-112",
     doi       = "10.1016/0550-3213(71)90448-2",
     SLACcitation  = "%%CITATION = NUPHA,B31,86;%%"
}
@Article{Neveu:1971iv,
     author    = "Neveu, A. and Schwarz, J. H.",
     title     = "{Quark Model of Dual Pions}",
     journal   = "Phys. Rev. D",
     volume    = "4",
     year      = "1971",
     pages     = "1109-1111",
     doi       = "10.1103/PhysRevD.4.1109",
     SLACcitation  = "%%CITATION = PHRVA,D4,1109;%%"
}
@Article{Gervais:1971ji,
     author    = "Gervais, J.L. and Sakita, B.",
     title     = "{Field theory interpretation of supergauges in dual
                  models}",
     journal   = "Nucl. Phys. B",
     volume    = "34",
     year      = "1971",
     pages     = "632-639",
     doi       = "10.1016/0550-3213(71)90351-8",
     SLACcitation  = "%%CITATION = NUPHA,B34,632;%%"
}
@Article{Fayet:1979sa,
     author    = "Fayet, P.",
     title     = "{Relations Between the Masses of the Superpartners of
                  Leptons and Quarks, the Goldstino Couplings and the Neutral
                  Currents}",
     journal   = "Phys. Lett. B",
     volume    = "84",
     year      = "1979",
     pages     = "416",
     doi       = "10.1016/0370-2693(79)91229-2",
     SLACcitation  = "%%CITATION = PHLTA,B84,416;%%"
}
@Article{Weinberg:1975gm,
     author    = "Weinberg, S.",
     title     = "{Implications of Dynamical Symmetry Breaking}",
     journal   = "Phys. Rev. D",
     volume    = "13",
     year      = "1976",
     pages     = "974-996",
     doi       = "10.1103/PhysRevD.13.974",
     SLACcitation  = "%%CITATION = PHRVA,D13,974;%%"
}
@Article{Gildener:1976ai,
     author    = "Gildener, E.",
     title     = "{Gauge Symmetry Hierarchies}",
     journal   = "Phys. Rev. D",
     volume    = "14",
     year      = "1976",
     pages     = "1667",
     doi       = "10.1103/PhysRevD.14.1667",
     SLACcitation  = "%%CITATION = PHRVA,D14,1667;%%"
}
@Article{Weinberg:1979bn,
     author    = "Weinberg, S.",
     title     = "{Implications of Dynamical Symmetry Breaking: An
                  Addendum}",
     journal   = "Phys. Rev. D",
     volume    = "19",
     year      = "1979",
     pages     = "1277-1280",
     doi       = "10.1103/PhysRevD.19.1277",
     SLACcitation  = "%%CITATION = PHRVA,D19,1277;%%"
}
@Article{Susskind:1978ms,
     author    = "Susskind, L.",
     title     = "{Dynamics of Spontaneous Symmetry Breaking in the Weinberg-
                  Salam Theory}",
     journal   = "Phys. Rev. D",
     volume    = "20",
     year      = "1979",
     pages     = "2619-2625",
     doi       = "10.1103/PhysRevD.20.2619",
     SLACcitation  = "%%CITATION = PHRVA,D20,2619;%%"
}
@Article{Dimopoulos:1981au,
     author    = "Dimopoulos, S. and Raby, S.",
     title     = "{Supercolor}",
     journal   = "Nucl. Phys. B",
     volume    = "192",
     year      = "1981",
     pages     = "353",
     doi       = "10.1016/0550-3213(81)90430-2",
     SLACcitation  = "%%CITATION = NUPHA,B192,353;%%"
}
@Article{Witten:1981nf,
     author    = "Witten, E.",
     title     = "{Dynamical Breaking of Supersymmetry}",
     journal   = "Nucl. Phys. B",
     volume    = "188",
     year      = "1981",
     pages     = "513",
     doi       = "10.1016/0550-3213(81)90006-7",
     SLACcitation  = "%%CITATION = NUPHA,B188,513;%%"
}
@Article{Dine:1981za,
     author    = "Dine, M. and Fischler, W. and Srednicki, M.",
     title     = "{Supersymmetric Technicolor}",
     journal   = "Nucl. Phys. B",
     volume    = "189",
     year      = "1981",
     pages     = "575-593",
     doi       = "10.1016/0550-3213(81)90582-4",
     SLACcitation  = "%%CITATION = NUPHA,B189,575;%%"
}
@Article{Kaul:1981hi,
     author    = "Kaul, R.K. and Majumdar, P.",
     title     = "{Cancellation of quadratically divergent mass corrections in globally supersymmetric spontaneously broken gauge theories}",
     journal   = "Nucl. Phys. B",
     volume    = "199",
     year      = "1982",
     pages     = "36",
     doi       = "10.1016/0550-3213(82)90565-X",
     SLACcitation  = "%%CITATION = NUPHA,B199,36;%%"
}
@Article{Giunti:1991ta,
     author    = "Giunti, C. and Kim, C. W. and Lee, U.W.",
     title     = "{Running coupling constants and grand unification models}",
     journal   = "Mod. Phys. Lett. A",
     volume    = "6",
     year      = "1991",
     pages     = "1745-1755",
     doi       = "10.1142/S0217732391001883",
     SLACcitation  = "%%CITATION = MPLAE,A6,1745;%%"
}
@Article{Amaldi:1991cn,
     author    = "Amaldi, U. and de Boer, W. and Furstenau, H.",
     title     = "{Comparison of grand unified theories with electroweak and
                  strong coupling constants measured at LEP}",
     journal   = "Phys. Lett. B",
     volume    = "260",
     year      = "1991",
     pages     = "447-455",
     doi       = "10.1016/0370-2693(91)91641-8",
     SLACcitation  = "%%CITATION = PHLTA,B260,447;%%"
}
@Article{Langacker:1991an,
     author    = "Langacker, P. and Luo, M.-X.",
     title     = "{Implications of precision electroweak experiments for
                  M(t), rho(0), sin**2-Theta(W) and grand unification}",
     journal   = "Phys. Rev. D",
     volume    = "44",
     year      = "1991",
     pages     = "817-822",
     doi       = "10.1103/PhysRevD.44.817",
     SLACcitation  = "%%CITATION = PHRVA,D44,817;%%"
}
%%%%%%%%%%%%%%%%%%%%%%%%%%%%%%%%%%%%%%%%%%%%%%%%%%%%%%%%%%%%%%%%




@Article{LHC:2008,
     author = "L. Evans and P. Bryant",
     title = "{LHC Machine}",
     journal   = "JINST",
     volume    = "3",
     year      = "2008",
     pages     = "S08001"
}


@Article{atlas0lep,
     author    = "da Costa, Joao Barreiro Guimaraes and others",
 collaboration = "Atlas",
     title     = "{Search for squarks and gluinos using final states with
                  jets and missing transverse momentum with the ATLAS
                  detector in $\sqrt{s}$ = 7\,\TeV\ proton-proton collisions}",
     year      = "2011",
     eprint    = "1102.5290",
     archivePrefix = "arXiv",
     primaryClass  =  "hep-ex",
     SLACcitation  = "%%CITATION = 1102.5290;%%"
}

@Article{atlas2lep1,
     collaboration = "ATLAS",
     title     = "{Search for supersymmetric particles in events with lepton
                  pairs and large missing transverse momentum in $\sqrt{s}$ = 7
                  TeV proton-proton collisions with the ATLAS experiment}",
     year      = "2011",
     eprint    = "1103.6214",
     archivePrefix = "arXiv",
     primaryClass  =  "hep-ex",
     SLACcitation  = "%%CITATION = 1103.6214;%%"
}

@Article{atlas2lep2,
     collaboration = "ATLAS",
     title     = "Search for an excess of events with identical flavour lepton pairs and significant missing transverse momentum in $\sqrt{s}$=7TeV proton-proton collisions at the ATLAS experiment",
     year      = "2011",
     eprint    = "1103.6208",
     archivePrefix = "arXiv",
     primaryClass  =  "hep-ex",
     SLACcitation  = "%%CITATION = 1103.6208;%%"
}

@Article{perugiatunes,
    author    = "Skands, Peter",
     title     = "Tuning Monte Carlo Generators: The Perugia Tunes",
     year      = "2011",
     eprint    = "1005.3457v4",
     archivePrefix = "arXiv",
     primaryClass  =  "hep-ex",
     SLACcitation  = "%%CITATION = 1005.3457;%%"
}


@Article{Aaltonen:2008rv,
     author    = "Aaltonen, T. and others",
 collaboration = "CDF",
     title     = "{Inclusive Search for Squark and Gluino Production in
                  $p\bar{p}$ Collisions at $\sqrt{s}$ = 1.96-TeV}",
     journal   = "Phys. Rev. Lett.",
     volume    = "102",
     year      = "2009",
     pages     = "121801",
     eprint    = "0811.2512",
     archivePrefix = "arXiv",
     primaryClass  =  "hep-ex",
     doi       = "10.1103/PhysRevLett.102.121801",
     SLACcitation  = "%%CITATION = 0811.2512;%%"
}

@Article{:2007ww,
     author    = "Abazov, V. M. {\it et al.}",
 collaboration = "D0",
     title     = "{Search for squarks and gluinos in events with jets and
                  missing transverse energy using 2.1 $fb^{-1}$ of $p
                  \bar{p}$ collision data at $\sqrt{s}$ = 1.96- TeV}",
     journal   = "Phys. Lett.",
     volume    = "B660",
     year      = "2008",
     pages     = "449-457",
     eprint    = "0712.3805",
     archivePrefix = "arXiv",
     primaryClass  =  "hep-ex",
     doi       = "10.1016/j.physletb.2008.01.042",
     SLACcitation  = "%%CITATION = 0712.3805;%%"
}

@Article{Abazov:2009zi,
     author    = "Abazov, V. M. and others",
 collaboration = "D0",
     title     = "{Search for associated production of charginos and
                  neutralinos in the trilepton final state using 2.3 fb$^{-1}$ of
                  data}",
     journal   = "Phys. Lett.",
     volume    = "B680",
     year      = "2009",
     pages     = "34-43",
     eprint    = "0901.0646",
     archivePrefix = "arXiv",
     primaryClass  =  "hep-ex",
     doi       = "10.1016/j.physletb.2009.08.011",
     SLACcitation  = "%%CITATION = 0901.0646;%%"
}

@misc{lepsusy,
howpublished="{LEP SUSY Working Group (ALEPH, DELPHI, L3, OPAL), Notes
LEPSUSYWG/01-03.1 and 04-01.1, http://lepsusy.web.cern.ch/lepsusy/Welcome.html}"
}

@Article{ref:suspect,
     author    = "Djouadi, Abdelhak and Kneur, Jean-Loic and Moultaka,
                  Gilbert",
     title     = "{SuSpect: A Fortran code for the supersymmetric and Higgs
                  particle spectrum in the MSSM}",
     journal   = "Comput. Phys. Commun.",
     volume    = "176",
     year      = "2007",
     pages     = "426-455",
     eprint    = "hep-ph/0211331",
     archivePrefix = "arXiv",
     doi       = "10.1016/j.cpc.2006.11.009",
     SLACcitation  = "%%CITATION = HEP-PH/0211331;%%"
}

@Article{ref:softsusy,
     author    = "Allanach, B. C.",
     title     = "{SOFTSUSY: a program for calculating supersymmetric
                  spectra}",
     journal   = "Comput. Phys. Commun.",
     volume    = "143",
     year      = "2002",
     pages     = "305-331",
     eprint    = "hep-ph/0104145",
     archivePrefix = "arXiv",
     doi       = "10.1016/S0010-4655(01)00460-X",
     SLACcitation  = "%%CITATION = HEP-PH/0104145;%%"
}

@misc{egammalarhole,
author    = "EGamma Combined Performance Group",
title     = "LAr Cleaning And Object Quality",
year      = "",
howpublished = "\url{http://twiki.cern.ch/twiki/bin/view/AtlasProtected/LArCleaningAndObjectQuality}"
}

@misc{eleeffformoriond2012,
author    = "EGamma Combined Performance Group",
title     = "Electron efficiency measurement updates for the winter conferences",
year      = "",
howpublished = "\url{}"
}

@misc{tightgrl,
author    = "Data Quality Group",
title     = "Good Run Lists for Analysis",
year      = "",
howpublished = "\url{http://indico.cern.ch/getFile.py/access?contribId=6&sessionId=0&resId=0&materialId=slides&confId=163453}"
}

@misc{bjetrejection,
author    = "Heavy Flavor Working Group",
title     = "b--tagging performance",
year      = "",
howpublished = "\url{http://twiki.cern.ch/twiki/bin/viewauth/AtlasProtected/Analysis17#MC11b_intermediate_release}"
}

@misc{eletrigeff,
author    = "EGamma Combined Performance Group",
title     = "Trigger efficiency",
year      = "",
howpublished = "\url{http://twiki.cern.ch/twiki/bin/view/AtlasProtected/EfficiencyMeasurements#Trigger_efficiency}"
}

@misc{eletrigperf2011,
collaboration    = "ATLAS",
title     = "Performance of the Electron and Photon Trigger in p-p Collisions at $\sqrt{s}$ = 7\,\TeV\ with the ATLAS Detector at the LHC in 2011",
year      = "2011",
howpublished = "Conf note in preparation"
}

@misc{eeletrigscalefactors,
author    = "EGamma Combined Performance Group",
title     = "Electron Trigger scale factors",
year      = "",
howpublished = "\url{http://svnweb.cern.ch/cern/wsvn/atlasoff/Reconstruction/egamma/egammaAnalysis/egammaAnalysisUtils/tags/egammaAnalysisUtils-00-02-56}"
}

@misc{egammaoqmaps,
author    = "EGamma Combined Performance Group",
title     = "EGammaOQ",
year      = "",
howpublished = "\url{http://svnweb.cern.ch/cern/wsvn/atlasgrp/CombPerf/EGamma/EGammaOQ/EGammaOQ_2011/tags/EGammaOQ_2011-00-00-04}"
}

@misc{ref:prospino,
author    = "",
title     = "",
year      = "",
howpublished = "{W.~Beenakker, R.~H{\"o}pker, M.~Spira, P.M.~Zerwas, Squark and gluino production at hadron colliders, Nucl. Phys. B492 (1997), 51.}"
}

@misc{ref:hadroproduction,
author    = "W. Beenakker and others",
year      = "2011",
journal   = "Int. J. Mod. Phys. A",
volume    = "26",
pages     = "2637-2664"
}

@misc{pdfuncert,
author    = "H-L Lai and others",
title     = "{Uncertainty induced by QCD coupling in the CTEQ global analysis of parton distributions}",
journal   = "MSUHEP-100421, SMU-HEP-10-07",
year      = "2010",
eprint    = "1004.4624",
archivePrefix = "arXiv"
}


@Article{cms0lep,
     collaboration    = "CMS",
     title     = "Search for Supersymmetry in pp Collisions at 7\,\TeV\ in Events with Jets and Missing Transverse Energy",
     journal   = "Phys. Rev. B",
     volume    = "698",
     year      = "2011",
     eprint    = "1101.1628",
     archivePrefix = "arXiv",
     primaryClass  =  "hep-ex",
     SLACcitation  = "%CITATION = 1101.1628;%%"
}

@Article{cms1lep,
     collaboration    = "CMS",
     title     = "Search for supersymmetry in pp collisions at $\sqrt{s}$ = 7\,\TeV\ in events with a single lepton, jets, and missing transverse momentum",
     journal   = "",
     volume    = "",
     year      = "2011",
     eprint    = "1107.1870",
     archivePrefix = "arXiv",
     primaryClass  =  "hep-ex",
     SLACcitation  = "%CITATION = 1107.1870;%%"
}

@Article{cms2lepOS,
     collaboration    = "CMS",
     title     = "Search for Physics Beyond the Standard Model in Opposite-sign Dilepton Events in pp Collisions at $\sqrt{s}$ = 7\,\TeV",
     year      = "2011",
     eprint    = "1103.1348",
     archivePrefix = "arXiv",
     primaryClass  =  "hep-ex",
     SLACcitation  = "%CITATION = 1103.1348;%%"
}


@Article{cms2lepSS,
     collaboration    = "CMS",
     title     = "Search for new physics with same-sign isolated dilepton events with jets and missing transverse energy at the LHC",
     year      = "2011",
     eprint    = "1104.3168",
     archivePrefix = "arXiv",
     primaryClass  =  "hep-ex",
     SLACcitation  = "%CITATION = 1104.3168;%%"
}

@Article{wacker,
     author    = "D.S.M. Alves and E. Izaguirre and J.G. Wacker",
     title     = "{Where the Sidewalk Ends: Jets and Missing Energy Search Strategies for the 7\,\TeV\ LHC}",
     year      = "2011",
     eprint    = "1102.5338",
     archivePrefix = "arXiv",
     primaryClass  =  "hep-ph",
     SLACcitation  = "%%CITATION = 1102.5338;%%"
}

@misc{susyd3pdmaker,
     howpublished     = "\url{http://twiki.cern.ch/twiki/bin/view/AtlasProtected/SUSYD3PDMaker}",
}



@misc{lumi,
     howpublished     = "\url{http://indico.cern.ch/materialDisplay.py?contribId=0&materialId=slides&confId=159584}",
}

@misc{grl,
     howpublished     = "\url{http://atlasdqm.web.cern.ch/atlasdqm/grlgen/Susy/Susy_v01/}",
}


@misc{electronscalefactor,
     howpublished     = "Egamma Combined Performance Group, \url{http://twiki.cern.ch/twiki/bin/view/AtlasProtected/EfficiencyMeasurements}",
}

@misc{btagging,
     howpublished     = "Flavour Tagging Working Group, \url{http://twiki.cern.ch/twiki/bin/viewauth/AtlasProtected/Analysis17#MC11b_intermediate_release}",
}

@misc{muonscalefactor,
     howpublished     = "Combined Muon Working Group, \url{http://twiki.cern.ch/twiki/bin/view/AtlasProtected/MCPAnalysisGuidelinesEPS2011}",
}

@Article{Melnikov:2006kv,
     author    = "K.~Melnikov and F.~Petriello",
     title     = "{Electroweak gauge boson production at hadron colliders 
      through O(alpha(s)**2),High precision QCD at hadron colliders}",
     journal   = "Phys. Rev. D",
     volume    = "74",
     year      = "2006",
     pages     = "114017",
     eprint    = "hep-ph/0609070",
}
@Article{Gavin:2010az,
     author    = "R.~Gavin and Y.~Li and F.~Petriello",
     title     = "{FEWZ 2.0: A code for hadronic Z production at 
     next-to-next-to-leading order}",
     archivePrefix = "arXiv",
     eprint = "1011.3540"
}

@Article{Langenfeld:2009wd,
     author    = "Langenfeld, U. and Moch, S. and Uwer, P.",
     title     = "{Measuring the running top-quark mass}",
     journal   = "Phys. Rev. D",
     volume    = "80",
     year      = "2009",
     pages     = "054009",
     eprint    = "0906.5273",
     archivePrefix = "arXiv",
     primaryClass  =  "hep-ph",
     doi       = "10.1103/PhysRevD.80.054009",
     SLACcitation  = "%%CITATION = 0906.5273;%%"
}

@Article{Agostinelli:2002hh,
     author    = "Agostinelli, S. and others",
 collaboration = "GEANT4",
     title     = "{GEANT4: A simulation toolkit}",
     journal   = "Nucl. Instrum. Meth. A",
     volume    = "506",
     year      = "2003",
     pages     = "250-303",
     doi       = "10.1016/S0168-9002(03)01368-8",
     SLACcitation  = "%%CITATION = NUIMA,A506,250;%%"
}

@Article{:2010wqa,
     author         = "{ATLAS Collaboration}",
     title     = "{The ATLAS Simulation Infrastructure}",
     journal   = "Eur. Phys. J. C",
     volume    = "70",
     year      = "2010",
     pages     = "823-874",
     eprint    = "1005.4568",
     archivePrefix = "arXiv",
     primaryClass  =  "physics.ins-det",
     doi       = "10.1140/epjc/s10052-010-1429-9",
     SLACcitation  = "%%CITATION = 1005.4568;%%"
}

@Article{Anastasiou:2003ds,
     author    = "Anastasiou, Charalampos and Dixon, Lance J. and Melnikov,
                  Kirill and Petriello, Frank",
     title     = "{High precision QCD at hadron colliders: Electroweak gauge
                  boson rapidity distributions at NNLO}",
     journal   = "Phys. Rev. D",
     volume    = "69",
     year      = "2004",
     pages     = "094008",
     eprint    = "hep-ph/0312266",
     archivePrefix = "arXiv",
     doi       = "10.1103/PhysRevD.69.094008",
     SLACcitation  = "%%CITATION = HEP-PH/0312266;%%"
}


@techreport{Butterworth:1287902,
      author       = "Butterworth, J and Dobson, E and Klein, U and Mellado
                      Garcia, B and Nunnemann, T and Qian, J and Rebuzzi, D and
                      Tanaka, R",
      title        = "Single Boson and Diboson Production Cross Sections in pp
                      Collisions at sqrts=7\,\TeV",
      institution  = "CERN",
      address      = "Geneva",
      number       = "ATL-COM-PHYS-2010-695",
      month        = "Aug",
      year         = "2010",
 }

@Article{alpgen,
     author    = "Mangano, Michelangelo L. and Moretti, M. and Piccinini, F. and Pittau, R. and Polosa, A.D.",
     title     = "ALPGEN, a generator for hard multiparton processes in
                  hadronic  collisions",
     journal   = "JHEP",
     volume    = "0307",
     year      = "2003",
     pages     = "001",
     eprint    = "hep-ph/0206293",
     archivePrefix = "arXiv",
     SLACcitation  = "%%CITATION = HEP-PH/0206293;%%"
}



@Article{herwig,
     author    = "Corcella, G. and  {\it al.}",
     title     = "{HERWIG 6: An event generator for hadron emission reactions
                  with  interfering gluons (including supersymmetric
                  processes)}",
     journal   = "JHEP",
     volume    = "0101",
     year      = "2001",
     pages     = "010",
     eprint    = "hep-ph/0011363",
     archivePrefix = "arXiv",
     SLACcitation  = "%%CITATION = HEP-PH/0011363;%%"
}


@Article{blackhat,
     author    = "C.F. Berger and others",
     title     = "{Next-to-Leading Order QCD Predictions for W+3-Jet Distributions at Hadron Colliders}",
     archivePrefix = "arXiv",
     eprint = "0907.1984"
}

@Article{ref:ckkw,
     author    = "Schalicke, Andreas and Krauss, Frank",
     title     = "{Implementing the ME+PS merging algorithm}",
     journal   = "JHEP",
     volume    = "0507",
     year      = "2005",
     pages     = "018",
     eprint    = "hep-ph/0503281",
     archivePrefix = "arXiv",
     doi       = "10.1088/1126-6708/2005/07/018",
     SLACcitation  = "%%CITATION = HEP-PH/0503281;%%"
}

@Article{prospino,
     author    = "W. Beenakker, R. H{\"o}pker and M. Spira",
     title     = "{PROSPINO}: A program for the production of supersymmetric
                  particles In  next-to-leading order {QCD}",
     year      = "1996",
     eprint    = "hep-ph/9611232",
     archivePrefix = "arXiv",
     SLACcitation  = "%%CITATION = HEP-PH/9611232;%%"
}

@Misc{prospino2,
  title =        "{\it Prospino2}",
  howpublished = "\url{http://www.thphys.uni-heidelberg.de/~plehn/prospino/}"
}

@Article{prospinosquarkgluino,
     author    = "W. Beenakker, R. H{\"o}pker, M. Spira and P.M. Zerwas",
     title     = "Squark and gluino production at hadron colliders",
     journal   = "Nucl. Phys. B",
     volume    = "492",
     pages     = "51-103",
     year      = "1997",
     eprint    = "hep-ph/9610490",
     archivePrefix = "arXiv",
     SLACcitation  = "%%CITATION = HEP-PH/9610490;%%"
}



@Article{ref:isajet,
     author    = "F.E. Paige, S.D. Protopopescu, H. Baer and X. Tata",
     title     = "ISAJET 7.69: A Monte Carlo event generator for p p, anti-p
                  p, and e+ e-  reactions, hep-ph/0312045",
     year      = "2003",
     eprint    = "hep-ph/0312045",
     archivePrefix = "arXiv",
     SLACcitation  = "%%CITATION = HEP-PH/0312045;%%"
}

@misc{ref:herwigpp,
author    = "",
title     = "",
year      = "",
howpublished = "{M.~Bahr et al., Herwig++ Physics and Manual, Eur. Phys. J. C58 (2008) 639.}"
}

@Article{ref:mrst2007lo,
     author    = "A. Sherstnev and R.S. Thorne",
     title     = "{Parton Distributions for LO Generators}",
     journal   = "Eur. Phys. J.",
     volume    = "C55",
     year      = "2008",
     pages     = "553-575",
     eprint    = "0711.2473",
     archivePrefix = "arXiv",
     primaryClass  =  "hep-ph",
     doi       = "10.1140/epjc/s10052-008-0610-x",
     SLACcitation  = "%%CITATION = 0711.2473;%%"
}


@techreport{atlasttbarresonance,
      collaboration= "ATLAS",
      title        = "A Search for New High-Mass Phenomena Producing Top Quarks with the ATLAS Experiment",
      institution  = "CERN",
      address      = "Geneva",
      number       = "ATLAS-CONF-2011-070",
      month        = "May",
      year         = "2011",
}

@techreport{0leptonplhc,
      collaboration= "ATLAS",
      title        = "Search for squarks and gluinos using final states with jets and missing transverse momentum with the ATLAS detector in $\sqrt{s}$=7\,\TeV\ proton-proton collisions",
      institution  = "CERN",
      address      = "Geneva",
      number       = "ATLAS-COM-PHYS-2011-510",
      month        = "May",
      year         = "2011",
}



@Article{PCL,
     author    = "Cowan, G. and others",
     title     = "{Power-Constrained Limits}",
     year      = "2011",
     eprint    = "1105.3166",
     archivePrefix = "arXiv",
     primaryClass  =  "hep-ex",
     SLACcitation  = "%%CITATION = 1105.3166;%%"
}

@Article{clsread,
     author    = "Read, A.",
     title     = "{Presentation of search results: the CLs technique}",
     journal   = "Journal of Physics G: Nucl. Part. Phys. ",
     volume    = "28",
     year      = "2002",
     pages     = "2693-2704",
     doi       = "10.1088/0954-3899/28/10/313"
}

@Article{susycombination,
    author    = "Bruneli\`ere, R. and others",
    title = "{Setting exclusion limits in ATLAS supersymmetry searches with a likelihood ratio based method"}",
    collaboration    = "ATLAS",
    journal   = "Tech.Rep. ATL-COM-PHYS-2011-004, CERN, 2011."

}


@Article{statforumlimits,
     author    = "Cowan, Glen and Cranmer, Kyle and Gross, Eilam and Vitells,
                  Ofer",
     title     = "{Asymptotic formulae for likelihood-based tests of new
                  physics}",
     journal   = "Eur. Phys. J. C",
     volume    = "71",
     year      = "2011",
     pages     = "1554",
     eprint    = "1007.1727",
     archivePrefix = "arXiv",
     primaryClass  =  "physics.data-an",
     doi       = "10.1140/epjc/s10052-011-1554-0",
     SLACcitation  = "%%CITATION = 1007.1727;%%"
}

@Article{Porod:2000hv,
     author    = "Porod, W. and Hirsch, M. and Romao, J. and Valle, J. W. F.
                  ",
     title     = "{Testing neutrino mixing at future collider experiments}",
     journal   = "Phys. Rev. D",
     volume    = "63",
     year      = "2001",
     pages     = "115004",
     eprint    = "hep-ph/0011248",
     archivePrefix = "arXiv",
     doi       = "10.1103/PhysRevD.63.115004",
     SLACcitation  = "%%CITATION = HEP-PH/0011248;%%"
}

@Article{Porod:2004rb,
     author    = "Porod, W. and Skands, Peter Z.",
     title     = "{Measuring neutrino mixing angles at LHC}",
     year      = "2004",
     eprint    = "hep-ph/0401077",
     archivePrefix = "arXiv",
     SLACcitation  = "%%CITATION = HEP-PH/0401077;%%"
}

@Article{deCampos:2007bn,
     author    = "de Campos, F. and others",
     title     = "{Probing bilinear R-parity violating supergravity at the
                  LHC}",
     journal   = "JHEP",
     volume    = "0805",
     year      = "2008",
     pages     = "048",
     eprint    = "0712.2156",
     archivePrefix = "arXiv",
     primaryClass  =  "hep-ph",
     doi       = "10.1088/1126-6708/2008/05/048",
     SLACcitation  = "%%CITATION = 0712.2156;%%"
}

%SPheno
@Article{Porod:2003um,
     author    = "Porod, Werner",
     title     = "{SPheno, a program for calculating supersymmetric spectra,
                  SUSY particle decays and SUSY particle production at e+ e-
                  colliders}",
     journal   = "Comput. Phys. Commun.",
     volume    = "153",
     year      = "2003",
     pages     = "275-315",
     eprint    = "hep-ph/0301101",
     archivePrefix = "arXiv",
     doi       = "10.1016/S0010-4655(03)00222-4",
     SLACcitation  = "%%CITATION = HEP-PH/0301101;%%"
}

@article{Porod:2011nf,
      author         = "Porod, W. and Staub, F.",
      title          = "{SPheno 3.1: Extensions including flavour, CP-phases and
                        models beyond the MSSM}",
      journal        = "Comput. Phys. Commun.",
      volume         = "183",
      pages          = "2458-2469",
      doi            = "10.1016/j.cpc.2012.05.021",
      year           = "2012",
      eprint         = "1104.1573",
      archivePrefix  = "arXiv",
      primaryClass   = "hep-ph",
      SLACcitation   = "%%CITATION = ARXIV:1104.1573;%%",
}

@Article{Barbier:2004ez,
     author    = "Barbier, R. and others",
     title     = "{R-parity violating supersymmetry}",
     journal   = "Phys. Rept.",
     volume    = "420",
     year      = "2005",
     pages     = "1-202",
     eprint    = "hep-ph/0406039",
     archivePrefix = "arXiv",
     doi       = "10.1016/j.physrep.2005.08.006",
     SLACcitation  = "%%CITATION = HEP-PH/0406039;%%"
}

@Article{Hall:1983id,
     author    = "Hall, Lawrence J. and Suzuki, Mahiko",
     title     = "{Explicit R-Parity Breaking in Supersymmetric Models}",
     journal   = "Nucl. Phys.",
     volume    = "B231",
     year      = "1984",
     pages     = "419",
     doi       = "10.1016/0550-3213(84)90513-3",
     SLACcitation  = "%%CITATION = NUPHA,B231,419;%%"
}

@Article{Joshipura:1994ib,
     author    = "Joshipura, Anjan S. and Nowakowski, Marek",
     title     = "{'Just so' oscillations in supersymmetric standard model}",
     journal   = "Phys. Rev.",
     volume    = "D51",
     year      = "1995",
     pages     = "2421-2427",
     eprint    = "hep-ph/9408224",
     archivePrefix = "arXiv",
     doi       = "10.1103/PhysRevD.51.2421",
     SLACcitation  = "%%CITATION = HEP-PH/9408224;%%"
}

@Article{Hempfling:1995wj,
     author    = "Hempfling, Ralf",
     title     = "{Neutrino Masses and Mixing Angles in SUSY-GUT Theories
                  with explicit R-Parity Breaking}",
     journal   = "Nucl. Phys.",
     volume    = "B478",
     year      = "1996",
     pages     = "3-30",
     eprint    = "hep-ph/9511288",
     archivePrefix = "arXiv",
     doi       = "10.1016/0550-3213(96)00412-9",
     SLACcitation  = "%%CITATION = HEP-PH/9511288;%%"
}


% GUT scale
@Article{Amaldi:1991cn,
     author    = "Amaldi, Ugo and de Boer, Wim and Furstenau, Hermann",
     title     = "{Comparison of grand unified theories with electroweak and
                  strong coupling constants measured at LEP}",
     journal   = "Phys. Lett.",
     volume    = "B260",
     year      = "1991",
     pages     = "447-455",
     doi       = "10.1016/0370-2693(91)91641-8",
     SLACcitation  = "%%CITATION = PHLTA,B260,447;%%"
}

%Proton decay
@Article{Amsler:2008zzb,
     author    = "Amsler, Claude and others",
 collaboration = "Particle Data Group",
     title     = "{Review of particle physics}",
     journal   = "Phys. Lett.",
     volume    = "B667",
     year      = "2008",
     pages     = "1",
     doi       = "10.1016/j.physletb.2008.07.018",
     SLACcitation  = "%%CITATION = PHLTA,B667,1;%%"
}

%Gravitinos, axions and axinos as DM
@Article{Steffen:2008qp,
     author    = "Steffen, Frank Daniel",
     title     = "{Dark Matter Candidates - Axions, Neutralinos, Gravitinos,
                  and Axinos}",
     journal   = "Eur. Phys. J.",
     volume    = "C59",
     year      = "2009",
     pages     = "557-588",
     eprint    = "0811.3347",
     archivePrefix = "arXiv",
     primaryClass  =  "hep-ph",
     doi       = "10.1140/epjc/s10052-008-0830-0",
     SLACcitation  = "%%CITATION = 0811.3347;%%"
}

%RPV at LEP
%consists of several articles 
@Article{Heister:2002jc,
     author    = "Heister, A. and others",
 collaboration = "ALEPH",
     title     = "{Search for supersymmetric particles with R parity
                  violating decays in $e^{+} e^{-}$ collisions at $\sqrt{s}$
                  up to 209-GeV}",
     journal   = "Eur. Phys. J.",
     volume    = "C31",
     year      = "2003",
     pages     = "1-16",
     eprint    = "hep-ex/0210014",
     archivePrefix = "arXiv",
     doi       = "10.1140/epjc/s2003-01311-5",
     SLACcitation  = "%%CITATION = HEP-EX/0210014;%%"
}
@Article{Abdallah:2003xc,
     author    = "Abdallah, J. and others",
 collaboration = "DELPHI",
     title     = "{Search for supersymmetric particles assuming R-parity non-
                  conservation  in e+ e- collisions at s**(1/2) = 192-GeV to
                  208-GeV}",
     journal   = "Eur. Phys. J.",
     volume    = "C36",
     year      = "2004",
     pages     = "1-23",
     eprint    = "hep-ex/0406009",
     archivePrefix = "arXiv",
     doi       = "10.1140/epjc/s2004-01871-8",
     SLACcitation  = "%%CITATION = HEP-EX/0406009;%%"
}
@Article{Abbiendi:2003rn,
     author    = "Abbiendi, G. and others",
 collaboration = "OPAL",
     title     = "{Search for R parity violating decays of scalar fermions at
                  LEP}",
     journal   = "Eur. Phys. J.",
     volume    = "C33",
     year      = "2004",
     pages     = "149-172",
     eprint    = "hep-ex/0310054",
     archivePrefix = "arXiv",
     doi       = "10.1140/epjc/s2004-01596-8",
     SLACcitation  = "%%CITATION = HEP-EX/0310054;%%"
}

%RPV constraints from 0nubetabeta
@Article{Hirsch:1998kc,
     author    = "Hirsch, M. and Valle, J. W. F.",
     title     = "{Neutrinoless double beta decay in supersymmetry with
                  bilinear R-parity  breaking}",
     journal   = "Nucl. Phys.",
     volume    = "B557",
     year      = "1999",
     pages     = "60-78",
     eprint    = "hep-ph/9812463",
     archivePrefix = "arXiv",
     doi       = "10.1016/S0550-3213(99)00368-5",
     SLACcitation  = "%%CITATION = HEP-PH/9812463;%%"
}

%RPV constraints from LFV
@Article{Carvalho:2002bq,
     author    = "Carvalho, D. F. and Gomez, M. E. and Romao, J. C.",
     title     = "{Charged lepton flavor violation in supersymmetry with
                  bilinear R-parity  violation}",
     journal   = "Phys. Rev.",
     volume    = "D65",
     year      = "2002",
     pages     = "093013",
     eprint    = "hep-ph/0202054",
     archivePrefix = "arXiv",
     doi       = "10.1103/PhysRevD.65.093013",
     SLACcitation  = "%%CITATION = HEP-PH/0202054;%%"
}

%RPV at TEVATRON
%consists of several articles
@Article{Abazov:2001nt,
     author    = "Abazov, V. M. and others",
 collaboration = "D0",
     title     = "{Search for $R-$parity violating supersymmetry in dimuon
                  and four-jets channel}",
     journal   = "Phys. Rev. Lett.",
     volume    = "89",
     year      = "2002",
     pages     = "171801",
     eprint    = "hep-ex/0111053",
     archivePrefix = "arXiv",
     doi       = "10.1103/PhysRevLett.89.171801",
     SLACcitation  = "%%CITATION = HEP-EX/0111053;%%"
}
@Article{Abbott:2000yu,
     author    = "Abbott, B. and others",
 collaboration = "D0",
     title     = "{Search for $R-$parity violation in multilepton final
                  states in $p\bar{p}$ collisions at $\sqrt{s} = 1.8$ TeV}",
     journal   = "Phys. Rev.",
     volume    = "D62",
     year      = "2000",
     pages     = "071701",
     eprint    = "hep-ex/0005034",
     archivePrefix = "arXiv",
     doi       = "10.1103/PhysRevD.62.071701",
     SLACcitation  = "%%CITATION = HEP-EX/0005034;%%"
}
@Article{Abbott:1999nh,
     author    = "Abbott, B. and others",
 collaboration = "D0",
     title     = "{Search for $R-$parity violating supersymmetry in the
                  dielectron channel}",
     journal   = "Phys. Rev. Lett.",
     volume    = "83",
     year      = "1999",
     pages     = "4476-4481",
     eprint    = "hep-ex/9907019",
     archivePrefix = "arXiv",
     doi       = "10.1103/PhysRevLett.83.4476",
     SLACcitation  = "%%CITATION = HEP-EX/9907019;%%"
}
@Article{Abe:1998gu,
     author    = "Abe, F. and others",
 collaboration = "CDF",
     title     = "{Search for $R$-parity violating supersymmetry using like-
                  sign dielectrons in $p \bar{p}$ collisions at $\sqrt{s} =
                  1.8$ TeV}",
     journal   = "Phys. Rev. Lett.",
     volume    = "83",
     year      = "1999",
     pages     = "2133-2138",
     eprint    = "hep-ex/9908063",
     archivePrefix = "arXiv",
     doi       = "10.1103/PhysRevLett.83.2133",
     SLACcitation  = "%%CITATION = HEP-EX/9908063;%%"
}
@Article{Abazov:2006nw,
     author    = "Abazov, V. M. and others",
 collaboration = "D0",
     title     = "{Search for R-parity violating supersymmetry via the LL
                  anti-E couplings $\lambda_{121}$, $\lambda_{122}$ or
                  $\lambda_{133}$ in $p \bar{p}$ collisions at $\sqrt{s}$ =
                  1.96-TeV}",
     journal   = "Phys. Lett.",
     volume    = "B638",
     year      = "2006",
     pages     = "441-449",
     eprint    = "hep-ex/0605005",
     archivePrefix = "arXiv",
     doi       = "10.1016/j.physletb.2006.05.077",
     SLACcitation  = "%%CITATION = HEP-EX/0605005;%%"
}

%RPV at HERA
@Article{Chekanov:2006je,
     author    = "Chekanov, S. and others",
 collaboration = "ZEUS",
     title     = "{Search for stop production in R-parity-violating
                  supersymmetry at HERA}",
     journal   = "Eur. Phys. J.",
     volume    = "C50",
     year      = "2007",
     pages     = "269-281",
     eprint    = "hep-ex/0611018",
     archivePrefix = "arXiv",
     doi       = "10.1140/epjc/s10052-007-0240-8",
     SLACcitation  = "%%CITATION = HEP-EX/0611018;%%"
}

%RPV at Belle/Babar
@Article{Kao:2009mz,
     author    = "Kao, Yee and Takeuchi, Tatsu",
     title     = "{Constraints on R-parity violation from recent Belle/Babar
                  data}",
     year      = "2009",
     eprint    = "0909.0042",
     archivePrefix = "arXiv",
     primaryClass  =  "hep-ph",
     SLACcitation  = "%%CITATION = 0909.0042;%%"
}

@Article{Abada:2000xr,
     author    = "Abada, A. and Losada, M.",
     title     = "{Constraints on both bilinear and trilinear R-parity
                  violating couplings  from neutrino laboratories and
                  astrophysics data}",
     journal   = "Phys. Lett.",
     volume    = "B492",
     year      = "2000",
     pages     = "310-320",
     eprint    = "hep-ph/0007041",
     archivePrefix = "arXiv",
     doi       = "10.1016/S0370-2693(00)01105-9",
     SLACcitation  = "%%CITATION = HEP-PH/0007041;%%"
}

%SLHA
@Article{Skands:2003cj,
     author    = "Skands, Peter Z. and others",
     title     = "{SUSY Les Houches Accord: Interfacing SUSY Spectrum
                  Calculators, Decay Packages, and Event Generators}",
     journal   = "JHEP",
     volume    = "0407",
     year      = "2004",
     pages     = "036",
     eprint    = "hep-ph/0311123",
     archivePrefix = "arXiv",
     SLACcitation  = "%%CITATION = HEP-PH/0311123;%%"
}
@Article{Allanach:2008qq,
     author    = "Allanach, B. C. and others",
     title     = "{SUSY Les Houches Accord 2}",
     journal   = "Comp. Phys. Commun.",
     volume    = "180",
     year      = "2009",
     pages     = "8-25",
     eprint    = "0801.0045",
     archivePrefix = "arXiv",
     primaryClass  =  "hep-ph",
     doi       = "10.1016/j.cpc.2008.08.004",
     SLACcitation  = "%%CITATION = 0801.0045;%%"
}


@Article{deCampos:2005ri,
     author    = "de Campos, F. and others",
     title     = "{Probing neutrino mass with displaced vertices at the
                  Tevatron}",
     journal   = "Phys. Rev.",
     volume    = "D71",
     year      = "2005",
     pages     = "075001",
     eprint    = "hep-ph/0501153",
     archivePrefix = "arXiv",
     doi       = "10.1103/PhysRevD.71.075001",
     SLACcitation  = "%%CITATION = HEP-PH/0501153;%%"
}

@Article{Dawson:1985vr,
     author    = "Dawson, Sally",
     title     = "{R-Parity Breaking in Supersymmetric Theories}",
     journal   = "Nucl. Phys.",
     volume    = "B261",
     year      = "1985",
     pages     = "297",
     doi       = "10.1016/0550-3213(85)90577-2",
     SLACcitation  = "%%CITATION = NUPHA,B261,297;%%"
}

%Valencia bRPV 2011
@techreport{ATL-PHYS-INT-2010-042,
      author       = "Torr\'o, E. and Mitsou, V. A. and Garcia, C.",
      title        = "Prospects for detecting R-parity violating supersymmetry with ATLAS in the muon plus jets channel",
      institution  = "CERN",
      address      = "Geneva",
      number       = "ATL-PHYS-INT-2010-042",
      month        = "April",
      year         = "2010",
}

%bRPV Phenomenology at 7TeV
@Article{DeCampos:2010yu,
     author    = "De Campos, F. and others",
     title     = "{Probing Neutrino Oscillations in Supersymmetric Models at
                  the Large Hadron Collider}",
     journal   = "Phys. Rev. D",
     volume    = "82",
     year      = "2010",
     pages     = "075002",
     eprint    = "1006.5075",
     archivePrefix = "arXiv",
     primaryClass  =  "hep-ph",
     doi       = "10.1103/PhysRevD.82.075002",
     SLACcitation  = "%%CITATION = 1006.5075;%%"
}

%CMS Multilepton trilinear RPV
@Article{Chatrchyan:2011ff,
 collaboration = "CMS",
     title     = "{Search for Physics Beyond the Standard Model Using
                  Multilepton Signatures in pp Collisions at $\sqrt{s}$=7\,\TeV}",
     year      = "2011",
     eprint    = "1106.0933",
     archivePrefix = "arXiv",
     primaryClass  =  "hep-ex",
     SLACcitation  = "%%CITATION = 1106.0933;%%"
}

@Article{LopezFogliani:2005yw,
     author    = "Lopez-Fogliani, D. E. and Munoz, C.",
     title     = "{Proposal for a new minimal supersymmetric standard
                  model}",
     journal   = "Phys. Rev. Lett.",
     volume    = "97",
     year      = "2006",
     pages     = "041801",
     eprint    = "hep-ph/0508297",
     archivePrefix = "arXiv",
     doi       = "10.1103/PhysRevLett.97.041801",
     SLACcitation  = "%%CITATION = HEP-PH/0508297;%%"
}

@Article{Escudero:2008jg,
     author    = "Escudero, Nicolas and Lopez-Fogliani, Daniel E. and Munoz,
                  Carlos and de Austri, Roberto Ruiz",
     title     = "{Analysis of the parameter space and spectrum of the $\mu
                  \nu$SSM}",
     journal   = "JHEP",
     volume    = "0812",
     year      = "2008",
     pages     = "099",
     eprint    = "0810.1507",
     archivePrefix = "arXiv",
     primaryClass  =  "hep-ph",
     doi       = "10.1088/1126-6708/2008/12/099",
     SLACcitation  = "%%CITATION = 0810.1507;%%"
}

@Article{Ghosh:2008yh,
     author    = "Ghosh, Pradipta and Roy, Sourov",
     title     = "{Neutrino masses and mixing, lightest neutralino decays and
                  a solution to the $\mu$ problem in supersymmetry}",
     journal   = "JHEP",
     volume    = "0904",
     year      = "2009",
     pages     = "069",
     eprint    = "0812.0084",
     archivePrefix = "arXiv",
     primaryClass  =  "hep-ph",
     doi       = "10.1088/1126-6708/2009/04/069",
     SLACcitation  = "%%CITATION = 0812.0084;%%"
}
@Article{Wacker1,
  author = "Alves, Daniele S. M. and Izaguirre, Eder and Wacker, Jay",
  title = "Where the Sidewalk Ends: Jets and Missing Energy Search Strategies for the 7\,\TeV\ LHC",
  eprint = "1102.5338",
  archivePrefix = "arXiv",
  primaryClass = "hep-ph",
  year = 2011
}
@Article{Wacker2,
  author = "Alves, Daniele S. M. and others",
  title = "Simplified Models for LHC New Physics Searches",
  eprint = "1105.2838",
  archivePrefix = "arXiv",
  primaryClass = "hep-ph",
  year = 2011
}


@Article{Dine:1981,
     author    = "Dine, Michael and Fischler, Willy and Srednicki, Mark",
     title     = "Supersymmetric technicolor",
     journal   = "Nucl. Phys.",
     volume    = "B189",
     year      = "1981",
     pages     = "575",
     doi       = "10.1016/0550-3213(81)90582-4",
     SLACcitation  = "%%CITATION = NUPHA,B189,575;%%"
}

@Article{Dimopoulus:1981,
     author    = "Dimopoulos, Savas and Raby, Stuart",
     title     = "{Supercolor}",
     journal   = "Nucl. Phys.",
     volume    = "B192",
     year      = "1981",
     pages     = "353",
     doi       = "10.1016/0550-3213(81)90430-2",
     SLACcitation  = "%%CITATION = NUPHA,B192,353;%%"
}

@Article{Nappi:1982,
     author    = "Nappi, Chiara R. and Ovrut, Burt A.",
     title     = "{Supersymmetric extension of the SU(3)$\times$SU(2)$\times$U(1) Model}",
     journal   = "Phys. Lett.",
     volume    = "B113",
     year      = "1982",
     pages     = "175",
     doi       = "10.1016/0370-2693(82)90418-X",
     SLACcitation  = "%%CITATION = PHLTA,B113,175;%%"
}

@Misc{gmsbplot,
     collaboration = "ATLAS",
     howpublished = "\url{http://twiki.cern.ch/twiki/bin/view/AtlasProtected/GMSBTauGrid}"
}

@article{Baer:1993ae,
      author         = "Baer, Howard and Paige, Frank E. and Protopopescu, Serban
                        D. and Tata, Xerxes",
      title          = "{Simulating Supersymmetry with ISAJET 7.0 / ISASUSY 1.0}",
      year           = "1993",
      eprint         = "hep-ph/9305342",
      archivePrefix  = "arXiv",
      primaryClass   = "hep-ph",
}

@Misc{atlasgmsbtau,
     author = "F. Buehrer and others",
     title     = "Search for supersymmetry with jets, missing transverse momentum and taus at $\sqrt{s}$ = 7\,\TeV",
     year      = "2011",
     howpublished   ="{ATL-COM-PHYS-2011-964}"
}

@Misc{atlasgmsbdilepton,
     author = "A. Alonso and others",
     title     = "Constraining the gauge-mediated Supersymmetry breaking model in final states with two leptons, jets and missing transverse momentum with the ATLAS experiment at $\sqrt{s}$ = 7\,\TeV",
     year      = "2011",
     howpublished   ="{ATL-PHYS-INT-2011-096}"
}

@Misc{fakeleptbkg,
  title =        "{\tt FakeLeptBkg} package",
  howpublished = "\url{http://svnweb.cern.ch/trac/atlasoff/browser/PhysicsAnalysis/SUSYPhys/FakeLeptBkg}"
}

@Misc{eletrigscalefactors,
  title =        "{\tt egammaAnalysisUtils} package",
  howpublished = "\url{http://svnweb.cern.ch/trac/atlasoff/browser/Reconstruction/egamma/egammaAnalysis/egammaAnalysisUtils/tags/egammaAnalysisUtils-00-02-56}"
}

@Article{roostats,
  author = "Moneta, L. and others",
  title = "The RooStats Project",
  eprint = "1009.1003",
  archivePrefix = "arXiv",
  primaryClass = "physics.data-an",
  year = 2010
}

@Misc{histfactory,
  title =        "{\tt HistFactory} package",
  howpublished = "\url{http://twiki.cern.ch/twiki/pub/RooStats/WebHome/HisFactoryLikelihood.pdf}"
}

@Misc{jesuncertainty,
  title =        "JetEtmiss Group,  JESUncertaintyProvider, {\tt JetUncertainties} package",
  howpublished = "\url{http://twiki.cern.ch/twiki/bin/viewauth/AtlasProtected/JESUncertaintyProvider}"
}

@Misc{multijesuncertainty,
  title =        "JetEtmiss Group, MultijetJESUncertaintyProvider, {\tt JetUncertainties} package",
  howpublished = "\url{http://twiki.cern.ch/twiki/bin/viewauth/AtlasProtected/MultijetJESUncertaintyProvider}"
}

@Misc{jeruncertainty,
  title =        "JetEtmiss Group, JetEnergyResolutionProvider, {\tt JetResolution} package",
  howpublished = "\url{http://twiki.cern.ch/twiki/bin/viewauth/AtlasProtected/JetEnergyResolutionProvider}"
}

@Misc{egammascaleuncertainty,
  title =        "Egamma Group, EnergyRescaler, {\tt egammaAnalysisUtils} package",
  howpublished = "\url{http://twiki.cern.ch/twiki/bin/viewauth/AtlasProtected/EnergyRescaler}"
}

@Misc{egammaiduncertainty,
  title =        "Egamma Group, egammaSFclass, {\tt egammaAnalysisUtils} package",
  howpublished = "\url{http://twiki.cern.ch/twiki/bin/viewauth/AtlasProtected/EfficiencyMeasurements#Electron_efficiencies_2011_Morio}"
}

@Misc{mcpiduncertainty,
  title =        "Muon Combined Performance Group, {\tt MuonEfficiencyCorrections} package",
  howpublished = "\url{http://twiki.cern.ch/twiki/bin/viewauth/AtlasProtected/MCPAnalysisGuidelinesRel17MC11a}"
}

@Article{topxsecmeasurement,
     collaboration    = "ATLAS",
     title     = "Measurement of the top quark pair production cross-section with ATLAS in the single lepton channel ",
     year      = "2012",
     eprint    = "1201.1889",
     archivePrefix = "arXiv",
     primaryClass  =  "hep-ex",
     SLACcitation  = "%%CITATION = 1201.1889;%%"
}

@misc{smpdfreweight,
author    = "{See for example talk from K. Bierwagen}",
howpublished = "\url{http://indico.cern.ch/getFile.py/access?contribId=2&resId=0&materialId=slides&confId=153387}"
}

@misc{pdfreweighttool,
author    = "{PDF Reweighting Tool}",
howpublished = "\url{http://twiki.cern.ch/twiki/bin/viewauth/AtlasProtected/PDFReweight}"
}


@Article{sherpa,
     author    = "T. Gleisberg and others",
     title     = "Event generation with Sherpa 1.1",
     journal   = "JHEP",
     volume    = "0902",
     year      = "2009",
     pages     = "007",
     eprint    = "0811.4622",
     primaryClass  =  "hep-ph",
     archivePrefix = "arXiv",
     SLACcitation  = "%%CITATION = HEP-PH/0811.4622;%%"
}

@misc{mangano,
author    = "Mangano, Michelangelo L.",
howpublished = "{Private Communication}"
}

@Article{ckkwmatching,
     author    = "Schalicke, Andreas and Krauss, Frank",
     title     = "{Implementing the ME+PS merging algorithm}",
     journal   = "JHEP",
     volume    = "0507",
     year      = "2005",
     pages     = "018",
     eprint    = "hep-ph/0503281",
     archivePrefix = "arXiv",
     doi       = "10.1088/1126-6708/2005/07/018",
     SLACcitation  = "%%CITATION = HEP-PH/0503281;%%"
}

@Article{powheg1,
     author    = "S. Frixione, P. Nason and G. Ridolfi",
     journal   = "JHEP",
     volume    = "0709",
     year      = "2007",
     pages     = "126",
     eprint    = "hep-ph/0707.3088",
     archivePrefix = "arXiv",
     SLACcitation  = "%%CITATION = HEP-PH/0707.3088;%%"
}

@Article{powheg2,
     author    = "P. Nason",
     journal   = "JHEP",
     volume    = "0411",
     year      = "2004",
     pages     = "040",
     eprint    = "hep-ph/0409146",
     archivePrefix = "arXiv",
     SLACcitation  = "%%CITATION = HEP-PH/0409146;%%"
}

@Article{powheg3,
     author    = "S. Frixione, P. Nason and C. Oleari",
     journal   = "JHEP",
     volume    = "0711",
     year      = "2007",
     pages     = "070",
     eprint    = "hep-ph/0709.2029",
     archivePrefix = "arXiv",
     SLACcitation  = "%%CITATION = HEP-PH/0709.2092;%%"
}

@Article{powheg4,
     author    = "S. Alioli, P. Nason, C. Oleari and E. Re",
     journal   = "JHEP",
     volume    = "1006",
     year      = "2010",
     pages     = "043",
     eprint    = "hep-ph/1002.2581",
     archivePrefix = "arXiv",
     SLACcitation  = "%%CITATION = HEP-PH/1002.2581;%%"
}

@Misc{hfor,
  title =        "{Heavy Flavor Overlap Removal Tool}",
  howpublished = "\url{http://twiki.cern.ch/twiki/bin/viewauth/AtlasProtected/HforTool}"
}

@Misc{hfkfactor,
    collaboration = "B. Butler and others",
     title     = "SUSY Searches with Missing 1 Transverse Energy and b-jets",
     year      = "2012",
     howpublished   ="ATL-COM-PHYS-2012-116"
}

@Misc{ssdilepselection,
    collaboration = "{SUSY Group}",
     howpublished = "{in preparation}"
}

@Misc{jetsmearing,
    collaboration = "S. Owen",
     title     = "Data-driven estimation of the QCD multijet background to SUSY searches with jets and missing transverse momentum at ATLAS using jet smearing",
     year      = "2012",
     howpublished   ="ATL-PHYS-INT-2012-008"
}


@Misc{gmsbdileplimit,
     author = "ATLAS",
     title     = "Constraining the gauge-mediated Supersymmetry breaking model in final states with two leptons, jets and missing transverse momentum with the ATLAS experiment at $\sqrt{s}$ = 7\,\TeV",
     year      = "2011",
     howpublished   ="{ATL-CONF-2011-156}"
}

@Article{gmsbtaulimit1,
     author    = "ATLAS",
     title     = "Search for events with large missing transverse momentum, jets, and at least two tau leptons in 7\,\TeV\ proton-proton collision data with the ATLAS detector",
     journal   = "submitted to PLB",
     year      = "2012",
     eprint    = "hep-ex/1203.6580",
     archivePrefix = "arXiv",
     SLACcitation  = "%%CITATION = HEP-EX/1203.6580;%%"
}

@Article{gmsbtaulimit2,
     author    = "ATLAS",
     title     = "Search for supersymmetry with jets, missing transverse momentum and at least one hadronically decaying tau lepton in proton-proton collisions at $\sqrt{s}$ = 7\,\TeV\ with the ATLAS detector",
     journal   = "submitted to PLB",
     year      = "2012",
     eprint    = "hep-ex/1204.3852",
     archivePrefix = "arXiv",
     SLACcitation  = "%%CITATION = HEP-EX/1204.3852;%%"
}

@misc{Kramer:2012bx,
       author         = "Kramer, Michael and others",
       title          = "{Supersymmetry production cross sections in pp collisions
                         at $\sqrt{s} = 7\TeV$}",
       year           = "2012",
       eprint         = "1206.2892",
       archivePrefix  = "arXiv",
       primaryClass   = "hep-ph",
       reportNumber   = "CERN-PH-TH-2012-163",
       SLACcitation   = "%%CITATION = ARXIV:1206.2892;%%",
}

@article{Kulesza:2009kq,
      author         = "Kulesza, A. and Motyka, L.",
      title          = "{Soft gluon resummation for the production of
                        gluino-gluino and squark-antisquark pairs at the LHC}",
      journal        = "Phys. Rev. D",
      volume         = "80",
      pages          = "095004",
      doi            = "10.1103/PhysRevD.80.095004",
      year           = "2009",
      eprint         = "0905.4749",
      archivePrefix  = "arXiv",
      primaryClass   = "hep-ph",
      reportNumber   = "DESY-09-078, PITHA-09-11",
      SLACcitation   = "%%CITATION = ARXIV:0905.4749;%%",
}
 
 @article{Beenakker:2009ha,
       author         = "Beenakker, W. and others",
       title          = "{Soft-gluon resummation for squark and gluino
                         hadroproduction}",
       journal        = "JHEP",
       volume         = "0912",
       pages          = "041",
       doi            = "10.1088/1126-6708/2009/12/041",
       year           = "2009",
       eprint         = "0909.4418",
       archivePrefix  = "arXiv",
       primaryClass   = "hep-ph",
       reportNumber   = "ITP-UU-09-33, NIKHEF-2009-015",
       SLACcitation   = "%%CITATION = ARXIV:0909.4418;%%",
 }
 
 @article{Beenakker:2011fu,
       author         = "Beenakker, W. and others",
       title          = "{Squark and gluino hadroproduction}",
       journal        = "Int. J. Mod. Phys. A",
       volume         = "26",
       pages          = "2637-2664",
       doi            = "10.1142/S0217751X11053560",
       year           = "2011",
       eprint         = "1105.1110",
       archivePrefix  = "arXiv",
       primaryClass   = "hep-ph",
       reportNumber   = "DESY-11-060, ITFA-11-09, ITP-UU-11-13, NIKHEF-2011-011,
                         TTK-11-12",
       SLACcitation   = "%%CITATION = ARXIV:1105.1110;%%",
 }

@article{Gleisberg:2008ta,
       journal        = "JHEP",
       volume         = "0902",
       pages          = "007",
       doi            = "10.1088/1126-6708/2009/02/007",
       year           = "2009",
       eprint         = "0811.4622",
       archivePrefix  = "arXiv",
       primaryClass   = "hep-ph",
       reportNumber   = "FERMILAB-PUB-08-477-T, SLAC-PUB-13420, ZU-TH-17-08,
                         DCPT-08-138, IPPP-08-69, EDINBURGH-2008-30, MCNET-08-14",
       SLACcitation   = "%%CITATION = ARXIV:0811.4622;%%",
}   

@article{Aad:2008zzm,
      title          = "{The ATLAS Experiment at the CERN Large Hadron Collider}",
      collaboration  = "ATLAS",
      journal        = "JINST",
      volume         = "3",
      pages          = "S08003",
      doi            = "10.1088/1748-0221/3/08/S08003",
      year           = "2008",
      SLACcitation   = "%%CITATION = JINST,3,S08003;%%",
}

@Misc{atlasmultijets7TeV,
      collaboration = "ATLAS",
      title     = "Search for Supersymmetry at $\sqrt{s}=7\TeV$  in final states with 
      large jet multiplicity, missing transverse momentum and one isolated
      lepton with the ATLAS detector",
      year      = "2012",
      url		 = "http://cds.cern.ch/record/1483511",
      howpublished   ="{ATLAS-CONF-2012-140}",
}


@Article{Cacciari:2005hq,
     author    = "Cacciari, Matteo and Salam, Gavin P.",
     title     = "{Dispelling the $N^{3}$ myth for the $k_t$ jet-finder}",
     journal   = "Phys. Lett.",
     volume    = "B641",
     year      = "2006",
     pages     = "57-61",
     eprint    = "hep-ph/0512210",
     archivePrefix = "arXiv",
     doi       = "10.1016/j.physletb.2006.08.037",
     SLACcitation  = "%%CITATION = HEP-PH/0512210;%%"
}


@article{Cacciari:2008gp,
      author         = "Cacciari, Matteo and Salam, Gavin P. and Soyez, Gregory",
      title          = "{The Anti-k(t) jet clustering algorithm}",
      journal        = "JHEP",
      volume         = "0804",
      pages          = "063",
      doi            = "10.1088/1126-6708/2008/04/063",
      year           = "2008",
      eprint         = "0802.1189",
      archivePrefix  = "arXiv",
      primaryClass   = "hep-ph",
      reportNumber   = "LPTHE-07-03",
      SLACcitation   = "%%CITATION = ARXIV:0802.1189;%%",
}

@Misc{Fastjet,
    note = " M.~Cacciari,  G.~P.~Salam, G.~Soyez, http://fastjet.fr/"
}

@Article{Pumplin:2002vw,
     author    = "Pumplin, J. and others",
     title     = "{New generation of parton distributions with uncertainties
                  from global QCD analysis}",
     journal   = "JHEP",
     volume    = "0207",
     year      = "2002",
     pages     = "012",
     eprint    = "hep-ph/0201195",
     archivePrefix = "arXiv",
     SLACcitation  = "%%CITATION = HEP-PH/0201195;%%"
}


@article{Aad:2011mk,
      title          = "{Electron performance measurements with the ATLAS
                        detector using the 2010 LHC proton-proton collision data}",
      collaboration  = "ATLAS",
      journal        = "Eur. Phys. J. C",
      volume         = "72",
      pages          = "1909",
      doi            = "10.1140/epjc/s10052-012-1909-1",
      year           = "2012",
      eprint         = "1110.3174",
      archivePrefix  = "arXiv",
      primaryClass   = "hep-ex",
      reportNumber   = "CERN-PH-EP-2011-117",
      SLACcitation   = "%%CITATION = ARXIV:1110.3174;%%",
}

@Misc{ATLAS:2011hga,
      key            = "1204119",
      title          = "{Muon reconstruction efficiency in reprocessed 2010 LHC
                        proton-proton collision data recorded with the ATLAS
                        detector}",
      collaboration  = "ATLAS",
      year           = "2011",
      howpublished   = "{ATLAS-CONF-2011-063}",
      url			  = "http://cds.cern.ch/record/1345743",
      SLACcitation   = "%%CITATION = ATLAS-CONF-2011-063 ETC.;%%",
}

@Misc{atlas2lepINT2013,
      author = "Chitan, A. {\it et al}",
      title = "Search for strongly produced supersymmetric particles in decays with two leptons at $\sqrt{s}=8 \TeV$ with the ATLAS detector",
      year = "2013",
      howpublished = "ATL-COM-PHYS-2013-834"
}

@Misc{atlas1lep2013supp,
      author = "Chitan, A. {\it et al}",
      title = "Search for strongly produced supersymmetric particles in decays with leptons at $\sqrt{s}=8 \TeV$",
      year = "2013",
      howpublished = "ATL-COM-PHYS-2013-084"
}


@techreport{HardLep_INT,
     collaboration = "ATLAS",
     title = "Search for strongly produced supersymmetric particles in decays with leptons at $\sqrt{s} = 8 \TeV$ (supporting INT note - 1 hard lepton)",
     year = 2013,
     number = "ATL-COM-PHYS-2013-1517"
}


@techreport{SoftLep_INT,
     collaboration = "ATLAS",
       title         = "Search for strongly produced supersymmetric particles in
                       decays with low transverse momentum leptons at sqrt(s)=8 TeV",
      number        = "ATL-COM-PHYS-2013-1501",
      year          = "2013"
}
@techreport{2LRazor_INT,
     collaboration = "ATLAS",
      title        = "Search for strongly produced supersymmetric particles in decays with at least two leptons at $\sqrt{s}=8$ TeV with the ATLAS detector",
      number       = "ATL-COM-PHYS-2013-1539",
      year         = "2013"
}

@techreport{ZMET_INT,
     collaboration = "ATLAS",
      title        = "Search for Supersymmetry with jets and missing transverse
                      momentum and a $Z$ boson at sqrt(s) = 8 TeV (supporting INT
                      note)",
      number       = "ATL-PHYS-INT-2013-XXX",
      year         = "2013"
}


@techreport{COMB_INT,
     collaboration = "ATLAS",
      title         = "Search for strongly produced supersymmetric particles in
                       decays with leptons at $\sqrt{s}=8$ TeV (supporting INT
                       note - Combination)",
      number        = "ATL-COM-PHYS-2013-1493",
      year          = "2013"
}

@techreport{jetsmearingOwen,
      author       =  "Owen, Simon",
      title         = "Data-driven estimation of the QCD multijet background to SUSY searches with jets and missing transverse momentum at ATLAS using jet smearing",
      number        = "ATL-PHYS-INT-2012-008",
      year          = "2012",
      url 	    = "http://cds.cern.ch/record/1423310"
}
@techreport{jetsmearingINT,
  title = "{A data-driven method for measuring the mismeasured jet background for missing transverse energy searches in multijet, $Z$+jet and $\gamma$+jet events}",
  author = "G.T. Fletcher and M. Hodgkinson and M. Schreyer",
  number = "ATL-COM-PHYS-2014-1243",
  year = "2014",
  url = "http://cds.cern.ch/record/1950335"
}

@techreport{ZandBjets,
      author        = "Firmino da Costa, J and Poveda, J and Yamanaka, T",
      title         = "{Search for direct top squark pair production in events
                       with a Z boson, b-jets and $E_{T}^{miss}$ at $\sqrt{s}$=8
                       TeV}",
      number        = "ATL-PHYS-INT-2013-006",
      month         = "Mar",
      year          = "2013",
      url 	    = "http://cds.cern.ch/record/1530981"      
}

@techreport{MatrMeth_INT,
      collaboration = "ATLAS",
      title        = "{Searching for direct gaugino production and direct slepton production with two leptons and missing transverse momentum at $\sqrt{s}$ = 7 TeV}",
      number       = "ATLAS-COM-PHYS-2012-1437",
      year         = "2012"
}



@article{ATLAS:2013qla,
      title          = "{Search for supersymmetry in events with four or more
                        leptons in 21$\,$fb$^{-1}$ of pp collisions at
                        $\sqrt{s}=8\,$TeV with the ATLAS detector}",
      collaboration  = "ATLAS",
      year           = "2013",
      reportNumber   = "ATLAS-CONF-2013-036",
}

@techreport{Arguin:1609637,
      title         = "{Search for supersymmetry at $\sqrt{s}=8$ $\TeV$ in final
                       states with jets and two same-sign or three leptons with
                       the ATLAS detector}",
      collaboration  = "ATLAS",
      number        = "ATL-COM-PHYS-2013-1431",
      year          = "2013",
}

@techreport{ATL-PHYS-INT-2013-017,
      collaboration = "ATLAS",
      title         = "{Search for strongly produced supersymmetric particles in
                       decays with leptons at $\sqrt{s}=8$ TeV (supporting INT
                       note)}",
      number        = "ATL-PHYS-INT-2013-017",
      month         = "Oct",
      year          = "2013",
}

@article{CMS-ZJETSMET,
      title          = "{Search for physics beyond the standard model in events
                        with a $Z$ boson, jets, and missing transverse energy in
                        $pp$ collisions at $\sqrt{s}=7$ TeV}",
      collaboration  = "CMS",
      journal        = "Phys.Lett.",
      volume         = "B716",
      pages          = "260-284",
      doi            = "10.1016/j.physletb.2012.08.026",
      year           = "2012",
      eprint         = "1204.3774",
      archivePrefix  = "arXiv",
      primaryClass   = "hep-ex",
      reportNumber   = "CMS-SUS-11-021, CERN-PH-EP-2012-029",
      SLACcitation   = "%%CITATION = ARXIV:1204.3774;%%"
}

@article{Aad:2014iza,
      title          = "{Search for supersymmetry in events with four or more
                        leptons in $\sqrt{s}$ = 8 TeV pp collisions with the ATLAS
                        detector}",
      collaboration  = "ATLAS",
      year           = "2014",
      eprint         = "1405.5086",
      archivePrefix  = "arXiv",
      primaryClass   = "hep-ex",
      reportNumber   = "CERN-PH-EP-2014-074",
      SLACcitation   = "%%CITATION = ARXIV:1405.5086;%%"
}


@article{Aad:2014pda,
      title          = "{Search for supersymmetry at $\sqrt{s}$=8 TeV in final
                        states with jets and two same-sign leptons or three
                        leptons with the ATLAS detector}",
      collaboration  = "ATLAS",
      journal        = "JHEP",
      volume         = "1406",
      pages          = "035",
      doi            = "10.1007/JHEP06(2014)035",
      year           = "2014",
      eprint         = "1404.2500",
      archivePrefix  = "arXiv",
      primaryClass   = "hep-ex",
      reportNumber   = "CERN-PH-EP-2014-044",
      SLACcitation   = "%%CITATION = ARXIV:1404.2500;%%",
}

@article{Aad:2014mra,
      title          = "{Search for supersymmetry in events with large missing
                        transverse momentum, jets, and at least one tau lepton in
                        20 fb$^{-1}$ of $\sqrt{s}$=8 TeV proton-proton collision
                        data with the ATLAS detector}",
      collaboration  = " ATLAS",
      year           = "2014",
      eprint         = "1407.0603",
      archivePrefix  = "arXiv",
      primaryClass   = "hep-ex",
      reportNumber   = "CERN-PH-EP-2014-144",
      SLACcitation   = "%%CITATION = ARXIV:1407.0603;%%",
}


@techreport{ATL-COM-PHYS-2013-909,
      author        = "Firmino da Costa, J and Poveda, J and Yamanaka, T",
      title         = "{Search for direct stop pair production in events with a
                       $Z$ boson, $b$-jets and missing transverse energy with the
                       ATLAS detector using 20 fb$^{-1}$ from proton-proton
                       collision at $\sqrt{s}=8$ TeV (Supporting note)}",
      institution   = "CERN",
      address       = "Geneva",
      number        = "ATL-COM-PHYS-2013-909",
      month         = "Jul",
      year          = "2013",
}



@misc{livepage,
     howpublished     = "\url{http://indico.cern.ch/event/316028/}"
}

@misc{twiki_ZMET,
     howpublished     = "\url{http://twiki.cern.ch/twiki/bin/view/AtlasProtected/ZplusMETUnblindingChecks/}"
}

@misc{twiki_trackMET,
     howpublished     = "\url{http://twiki.cern.ch/twiki/bin/viewauth/AtlasProtected/TrackMET}"
}

@techreport{ATL-PHYS-INT-2014-006,
      author        = "Boyd, J and Conti, G and D'Onofrio, M and Ducu, O and
                       Eifert, T and Farrell, S and Gillam, T and Marzin, A and
                       Manurer, J and Nachman, B and Paramonov, A and Poveda, J
                       and Suruliz, K and Yamanaka, T",
      title         = "{Studies of events with three leptons and three b-tagged
                       jets observed in the full 2012 ATLAS dataset}",
      institution   = "CERN",
      address       = "Geneva",
      number        = "ATL-PHYS-INT-2014-006",
      month         = "May",
      year          = "2014",
}



@misc{DYNNLO,
	howpublished= "{S. Catani, L. Cieri, G. Ferrera, D. de Florian, M. Grazzini, Phys. Rev. Lett. 103 082001 (2009), \href{http://arxiv.org/abs/0903.2120}{{\tt arXiv:0903.2120 [hep-ph]}}; S. Catani, M. Grazzini, Phys. Rev. Lett. 98 222002 (2007) \href{http://arxiv.org/abs/hep-ph/0703012}{{\tt hep-ph/0703012}}.}"
}

@article{DYNNLO1,
	author    = "Catani, S. and Cieri, L. and Ferrera, G. and de Florian, D. and Grazzini, M.",
	title ="{Vector boson production at hadron colliders: a fully exclusive QCD calculation at NNLO}",
	journal = "Phys. Rev. Lett.",
	volume="103",
	pages ="082001",
	year="2009",
	eprint    = "0903.2120",
	archivePrefix = "arXiv",
	primaryClass="hep-ph",
}

@article{DYNNLO2,
        author    = "Catani, S. and Grazzini, M.",
	title ="{An NNLO subtraction formalism in hadron collisions and its application to Higgs boson production at the LHC}",
	journal = "Phys. Rev. Lett.",
	volume="98",
	pages="222002",
	year="2007",
	eprint    = "hep-ph/0703012",
	archivePrefix = "arXiv",
	primaryClass="hep-ph",
}


@article{pythiaperugia,
     author="B. Cooper and others",
     title          = "{Monte Carlo tuning in the presence of Matching}",
     year           = "2011",
     eprint         = "1109.5295",
     archivePrefix  = "arXiv",
     journal        = "Eur. Phys. J. C",
      volume         = "72",
      pages          = "2078",
      doi            = "10.1140/epjc/s10052-012-2078-y",
     primaryClass   = "hep-ph",
     reportNumber   = "CERN-PH-TH/2011-228, DESY 11-124",
     SLACcitation   = "%%CITATION = ARXIV:1109.5295;%%",
}

@article{a2tune,
	collaboration="{ATLAS}",
        title="{Further ATLAS tunes of PYTHIA 6 and Pythia 8}",
	journal="ATL-PHYS-PUB-2011-014",
	year="2011",
	note="\url{http://cds.cern.ch/record/1400677}",
}

@article{Gleisberg:2008ta,
      author         = "Gleisberg, T. and others",
      title          = "{Event generation with SHERPA 1.1}",
      journal        = "JHEP",
      volume         = "0902",
      pages          = "007",
      doi            = "10.1088/1126-6708/2009/02/007",
      year           = "2009",
      eprint         = "0811.4622",
      archivePrefix  = "arXiv",
      primaryClass   = "hep-ph",
      reportNumber   = "FERMILAB-PUB-08-477-T, SLAC-PUB-13420, ZU-TH-17-08,
                        DCPT-08-138, IPPP-08-69, EDINBURGH-2008-30, MCNET-08-14",
      SLACcitation   = "%%CITATION = ARXIV:0811.4622;%%",
}



@Article{PowhegBOX2,
     author    = "Frixione, S. and Nason, P. and Oleari, C.",
     title     = "{Matching NLO QCD computations with parton shower simulations: the POWHEG method}",
     journal   = "JHEP",
     volume    = "0711",
     year      = "2007",
     pages     = "070",
     archivePrefix  = "arXiv",      
     primaryClass   = "hep-ph",     
     eprint         = "0709.2092",
}

@Article{PowhegBOX1,
	author="Nason, P.",
	title = "{A new method for combining NLO QCD with shower Monte Carlo algorithms}",
	journal = "JHEP",
	volume="0411",
	pages="040",
	year="2004",
  	archivePrefix  = "arXiv",
  	primaryClass   = "hep-ph",
  	eprint         = "hep-ph/0409146",
}


@Article{PowhegBOX3,
	author="Alioli, S. and Nason, P. and Oleari, C. and Re, E.",
	title="{A general framework for implementing NLO calculations in shower Monte Carlo programs: the POWHEG BOX}",
	journal="JHEP",
	volume="1006",
	pages="043",
	year="2010",
        archivePrefix  = "arXiv",      
        primaryClass   = "hep-ph",      
        eprint         = "1002.2581",	
}


@article{diboson1,
	author="Campbell, J. M. and Ellis, R. K.",
	title="{An update on vector boson pair production at hadron colliders}",
	journal="Phys. Rev. D",
	volume="60",
	year="1999",
	pages="113006",
        eprint         = "hep-ph/9905386",
	archivePrefix  = "arXiv",
	primaryClass   = "hep-ph",
}
@article{diboson2,
	author="Campbell, J. M. and Ellis, R. K. and Williams, C.",
	title="{Vector boson pair production at the LHC}",
	journal="JHEP",
  	volume="1107",
 	year="2011",
	pages="018",
	eprint         = "1105.0020",
	archivePrefix  = "arXiv",                 
	primaryClass   = "hep-ph",
}   

@article{ttbarxsec1,
	author="Czakon, M. and Fiedler, P. and Mitov, A.",
	title="{Total Top-Quark Pair-Production Cross Section at Hadron Colliders Through $O(\alpha_s^4)$}",
	journal="Phys. Rev. Lett.",
	volume="110",
	year="2013",
	pages="252004",
        archivePrefix  = "arXiv",
        primaryClass   = "hep-ph",
	eprint="1303.6254",
}

@article{ttbarxsec2,
	author="Czakon, M. and Mitov, A.",
	title="{Top++: A Program for the Calculation of the Top-Pair Cross-Section at Hadron Colliders}",
	archivePrefix  = "arXiv",
	primaryClass   = "hep-ph",
	eprint="1112.5675",
        journal        = "Comput. Phys. Commun.",
        volume         = "185",
        pages          = "2930",
        doi            = "10.1016/j.cpc.2014.06.021",
    year               = "2014"
}


@article{Lai:2010nw,
      author         = "Lai, Hung-Liang and others",
      title          = "{Uncertainty induced by QCD coupling in the CTEQ global
                        analysis of parton distributions}",
      journal        = "Phys. Rev. D",
      volume         = "82",
      pages          = "054021",
      doi            = "10.1103/PhysRevD.82.054021",
      year           = "2010",
      eprint         = "1004.4624",
      archivePrefix  = "arXiv",
      primaryClass   = "hep-ph",
      reportNumber   = "MSUHEP-100421, SMU-HEP-10-07",
      SLACcitation   = "%%CITATION = ARXIV:1004.4624;%%",
}

@article{Beenakker:2011gt,
      author         = "Beenakker, Wim and others",
      title          = "{NNLL resummation for squark-antisquark production}",
      year           = "2011",
      eprint         = "1112.5057",
      archivePrefix  = "arXiv",
      primaryClass   = "hep-ph",
      reportNumber   = "DESY-11-254",
      SLACcitation   = "%%CITATION = ARXIV:1112.5057;%%",
}
@Article{Kidonakis:2011,
         author    = "Kidonakis, N.",
         title     = "{Next-to-next-to-leading-order collinear and soft gluon corrections for t-channel single top quark production}",
         journal   = "Phys. Rev.",
         volume    = "D83",
         year      = "2011",
         pages     = "091503",
	 doi = {10.1103/PhysRevD.83.091503},
	 archivePrefix = "arXiv",
         primaryClass ="hep-ph",
         eprint="1103.2792"	 
}

@Article{Kidonakis:2010a,
         author    = "Kidonakis, N.",
         title     = "{NNLL resummation for s-channel single top quark production}",
	 journal   = "Phys. Rev. D",
	 volume    = "81",
         year      = "2010",
         pages     = "054028",
         doi = {10.1103/PhysRevD.81.054028},
	 archivePrefix="arXiv",
	 primaryClass="hep-ph",
	 eprint="1001.5034"
}

@Article{Kidonakis:2010b,
         author    = "Kidonakis, N.",
         title     = "{Two-loop soft anomalous dimensions for single top quark associated production with a $W^-$ or $H^-$}",
         journal   = "Phys. Rev. D",
         volume    = "82",
         year      = "2010",
         pages     = "054018",
         doi = {10.1103/PhysRevD.82.054018},
	 archivePrefix="arXiv",
	 primaryClass="hep-ph",
	 eprint="1005.4451"
}

@article{CahillRowley:2012rv,
      author         = "Cahill-Rowley, Matthew W. and others",
      title          = "{The Higgs Sector and Fine-Tuning in the pMSSM}",
      journal        = "Phys. Rev. D",
      volume         = "86",
      pages          = "075015",
      doi            = "10.1103/PhysRevD.86.075015",
      year           = "2012",
      eprint         = "1206.5800",
      archivePrefix  = "arXiv",
      primaryClass   = "hep-ph",
      reportNumber   = "SLAC-PUB-15076",
      SLACcitation   = "%%CITATION = ARXIV:1206.5800;%%",
}

@article{CahillRowley:2012cb,
      author         = "Cahill-Rowley, Matthew W. and others",
      title          = "{The New Look pMSSM with Neutralino and Gravitino LSPs}",
      journal        = "Eur. Phys. J. C",
      volume         = "72",
      pages          = "2156",
      doi            = "10.1140/epjc/s10052-012-2156-1",
      year           = "2012",
      eprint         = "1206.4321",
      archivePrefix  = "arXiv",
      primaryClass   = "hep-ph",
      reportNumber   = "SLAC-PUB-14922",
      SLACcitation   = "%%CITATION = ARXIV:1206.4321;%%",
}
@article{Lazopoulos:2008,
	author="A. Lazopoulos and T. McElmurry and K. Melnikov and F. Petriello",
	title = "{Next-to-leading order QCD corrections to $t\bar{t}Z$ production at the LHC}",
        journal="Phys. Lett. B",
        volume="666",
        year="2008",
        pages="62",
        eprint="0804.2220",
        archivePrefix="arXiv",
	primaryClass="hep-ph",
	SLACcitation="%%CITATION = HEP-PH/0804.2220;%%",
}
@article{Alwall:2011uj,
      author         = "Alwall, Johan and Herquet, Michel and Maltoni, Fabio and
                        Mattelaer, Olivier and Stelzer, Tim",
      title          = "{MadGraph 5 : Going Beyond}",
      journal        = "JHEP",
      volume         = "1106",
      pages          = "128",
      doi            = "10.1007/JHEP06(2011)128",
      year           = "2011",
      eprint         = "1106.0522",
      archivePrefix  = "arXiv",
      primaryClass   = "hep-ph",
      reportNumber   = "FERMILAB-PUB-11-448-T",
      SLACcitation   = "%%CITATION = ARXIV:1106.0522;%%",
}

@article{Campbell:2012,
	author="J. M. Campbell and R. K. Ellis",
	title = "{\ttbar~W production and decay at NLO}",
	journal="JHEP",
        volume="1207",
	year="2012",
	pages="052",
        eprint="1204.5678",
	archivePrefix="arXiv",
	primaryClass="hep-ph",
	SLACcitation="%%CITATION = HEP-PH/1204.5678;%%",
}
@article{2011lumi,
    author         = "{ATLAS Collaboration}",
    title="{Improved luminosity determination in pp collisions at $\sqrt{s}$ = 7 \TeV~ using the ATLAS detector at the LHC}", 
	journal="Eur. Phys. J. C",
    volume="73",
	pages="2518",
	year="2013",
	eprint="1302.4393",
        archivePrefix="arXiv",
        primaryClass="hep-ex", 
        doi = "10.1140/epjc/s10052-013-2518-3",
}

@article{2012lumi,
    author         = "{ATLAS Collaboration}",
    title="{Luminosity determination in pp collisions at $\sqrt{s}=8$~\TeV\ using the ATLAS detector at the LHC}", 
	journal="to be submited to Eur. Phys. J. C",
    volume="",
	pages="",
	year="",
	eprint="",
        archivePrefix="",
        primaryClass="", 
        doi = "",
}



@Booklet{atlfast,
    author = "{ATLAS Collaboration}",
    title="{The simulation principle and performance of the ATLAS fast calorimeter simulation FastCaloSim}",
    journal="ATL-PHYS-PUB-2010-013",
	year="2010",
	url="http://cds.cern.ch/record/1300517",
}
@article{Pythia8,
    author = "T. {Sj\"{o}strand} and S. Mrenna and P. Skands",
	title="A Brief Introduction to PYTHIA 8.1",
	journal="Comput. Phys. Comm.",
	volume="178",
	year="2008",
	pages="852",
	eprint="0710.3820",
	archivePrefix  = "arXiv",
	primaryClass   = "hep-ph",
}
@article{AUET2,
      collaboration = "{ATLAS}",
      title        = "{New ATLAS event generator tunes to 2010 data}",
      journal       = "ATL-PHYS-PUB-2011-008",
      year         = "2011",
      note = "\url{http://cdsweb.cern.ch/record/1345343}"
}
@article{Lai:2010vv,
      author         = "Lai, Hung-Liang and others",
      title          = "{New parton distributions for collider physics}",
      journal        = "Phys. Rev. D",
      volume         = "82",
      pages          = "074024",
      doi            = "10.1103/PhysRevD.82.074024",
      year           = "2010",
      eprint         = "1007.2241",
      archivePrefix  = "arXiv",
      primaryClass   = "hep-ph",
      reportNumber   = "MSUHEP-100707, SMU-HEP-10-10",
      SLACcitation   = "%%CITATION = ARXIV:1007.2241;%%",
}
@misc{Botje01,
    author = "Botje, M. and others ",
    title = "{The PDF4LHC Working Group Interim Recommendations}",
    year = 2011,
    eprint = "1101.0538",
    archivePrefix  = "arXiv",
    primaryClass   = "hep-ph",
    SLACcitation   = "%%CITATION = ARXIV:1101.0538;%%",
}
@article{Corcella:2000bw,
      author         = "Corcella, G. and others",
      title          = "{HERWIG 6: An Event generator for hadron emission
                        reactions with interfering gluons (including
                        supersymmetric processes)}",
      journal        = "JHEP",
      volume         = "0101",
      pages          = "010",
      year           = "2001",
      eprint         = "hep-ph/0011363",
      archivePrefix  = "arXiv",
      primaryClass   = "hep-ph",
      reportNumber   = "CAVENDISH-HEP-99-03, CERN-TH-2000-284, RAL-TR-2000-048",
      SLACcitation   = "%%CITATION = HEP-PH/0011363;%%",
}
@article{Butterworth:1996zw,
      author         = "Butterworth, J.M. and Forshaw, Jeffrey R. and Seymour,
                        M.H.",
      title          = "{Multiparton interactions in photoproduction at HERA}",
      journal        = "Z. Phys. C",
      volume         = "72",
      pages          = "637-646",
      doi            = "10.1007/s002880050286",
      year           = "1996",
      eprint         = "hep-ph/9601371",
      archivePrefix  = "arXiv",
      primaryClass   = "hep-ph",
      reportNumber   = "CERN-TH-96-82, M-C-TH-96-05, UCL-HEP-96-02",
      SLACcitation   = "%%CITATION = HEP-PH/9601371;%%",
}
@article{muonref,
      author         = "{ATLAS Collaboration}",
      title          = "{Muon reconstruction efficiency and momentum resolution
                        of the ATLAS experiment in proton-proton collisions at
                        $\sqrt{s}$=7 TeV in 2010}",
      journal        = "Eur. Phys. J. C",
      volume         = "74",
      pages          = "3034",
      doi            = "10.1140/epjc/s10052-014-3034-9",
      year           = "2014",
      eprint         = "1404.4562",
      archivePrefix  = "arXiv",
      primaryClass   = "hep-ex",
      reportNumber   = "CERN-PH-EP-2013-154",
      SLACcitation   = "%%CITATION = ARXIV:1404.4562;%%",                                                                                                                            
}
@article{CSCbook,
     collaboration = "ATLAS",
     title     = "{Expected Performance of the ATLAS Experiment - Detector, Trigger and Physics}",
     year = "2009",
     eprint   = "0901.0512",
     archivePrefix = "arXiv",
     primaryClass = "hep-ex",
     journal   = "CERN-OPEN-2008-020",
     SLACcitation   = "%%CITATION = ARXIV:0901.0512;%%",
}
@article{JES,
     collaboration = "ATLAS",
     title = "{Jet energy measurement with the ATLAS detector in proton-proton collisions at $\sqrt{s}$ = 7 \TeV}",
     journal="Eur. Phys. J. C",
     volume ="73",
     year="2013",
     pages="2304",
     eprint   = "1112.6426",
     archivePrefix = "arXiv",
     primaryClass = "hep-ex",
}

@article{JES2,
     collaboration = "ATLAS", 
     title="{Single hadron response measurement and calorimeter jet energy scale uncertainty with the ATLAS detector at the LHC}",
     journal="Eur. Phys. J. C",
     volume="73",
     year="2013",
     pages="2305",
     eprint = "1203.1302",
     archivePrefix="arXiv",
     primaryClass = "hep-ex",
}
@article{jetPU,
       title="{The Catchment Area of Jets}",
       author="Cacciari, M. and Salam, G.P. and Soyez, G.",
       journal="JHEP",
       volume="0804",
       pages="005",
       year="2008",
       archivePrefix  = "arXiv",
       primaryClass   = "hep-ph",
       eprint="0802.1188",
}
@article{Aad:2014zka,
      title          = "{Measurements of normalized differential cross-sections
                        for ttbar production in pp collisions at sqrt(s) = 7 TeV
                        using the ATLAS detector}",
      collaboration  = "ATLAS",
      journal        = "Phys. Rev. D",
      volume         = "90",
      pages          = "072004",
      doi            = "10.1103/PhysRevD.90.072004",
      year           = "2014",
      eprint         = "1407.0371",
      archivePrefix  = "arXiv",
      primaryClass   = "hep-ex",
      reportNumber   = "CERN-PH-EP-2014-099",
      SLACcitation   = "%%CITATION = ARXIV:1407.0371;%%",                                                                                                                            
}
@article{Aad:2012hg,
      title          = "{Measurements of top quark pair relative differential
                        cross-sections with ATLAS in $pp$ collisions at
                        $\sqrt{s}=7$ TeV}",
      collaboration  = "ATLAS",
      journal        = "Eur. Phys. J. C",
      volume         = "73",
      pages          = "2261",
      doi            = "10.1140/epjc/s10052-012-2261-1",
      year           = "2013",
      eprint         = "1207.5644",
      archivePrefix  = "arXiv",
      primaryClass   = "hep-ex",
      reportNumber   = "CERN-PH-EP-2012-165",
      SLACcitation   = "%%CITATION = ARXIV:1207.5644;%%",                                                                                                                            
}

@misc{susytools,
title    = "{\tt SUSYTools}",
howpublished = "\url{http://svnweb.cern.ch/trac/atlasoff/browser/PhysicsAnalysis/SUSYPhys/SUSYTools/tags/SUSYTools-00-01-14}"
}

@Misc{scaleVarNote,
    author = "Hohlfeld, M.",
    title = "Scale uncertainties for W+jets and ttbar+jets events using Alpgen at $\sqrt{s}=8\TeV$",
    year = "2012",
    howpublished = "ATL-COM-PHYS-2012-1525",
}
@Misc{atlas0leptonINT,
      collaboration  = "ATLAS",
      title = "Search for squarks and gluinos using final states with jets and missing transverse momentum with the ATLAS experiment in $\sqrt{s}=8 \TeV$ proton-proton collisions",
      year = "2012",
      howpublished = "ATL-PHYS-INT-2012-063",
}

@Article{Aad:2014kra,
      title          = "{Search for top squark pair production in final states
                        with one isolated lepton, jets, and missing transverse
                        momentum in $\sqrt{s}=$ 8 TeV pp collisions with the ATLAS
                        detector}",
      collaboration  = "ATLAS",
      year           = "2014",
      eprint         = "1407.0583",
      archivePrefix  = "arXiv",
      primaryClass   = "hep-ex",
      reportNumber   = "CERN-PH-EP-2014-143",
      journal        = "JHEP",
      volume         = "1411",
      pages          = "118",
      doi            = "10.1007/JHEP11(2014)118",
}
@article{Aad:2014wea,
      title          = "{Search for squarks and gluinos with the ATLAS detector
                        in final states with jets and missing transverse momentum
                        using $\sqrt{s}=8$ TeV proton--proton collision data}",
      collaboration  = "ATLAS",
      journal        = "JHEP",
      volume         = "1409",
      pages          = "176",
      doi            = "10.1007/JHEP09(2014)176",
      year           = "2014",
      eprint         = "1405.7875",
      archivePrefix  = "arXiv",
      primaryClass   = "hep-ex",
      reportNumber   = "CERN-PH-EP-2014-093",
      SLACcitation   = "%%CITATION = ARXIV:1405.7875;%%",                                                                                                                            
}
@Article{cls,
  title     = {Presentation of search results: the CL$_s$ technique},
  author    = {A. Read},
  journal   = {J. Phys. G: Nucl. Part. Phys.},
  volume    = {28},
  number    = {10},
  pages     = {2693‚Äì2704},
  numpages  = {11},
  year      = {2002},
  month     = {Sept},
  doi       = {10.1088/0954-3899/28/10/313},
  publisher = {Institute of Physics}
}
@article{Chatrchyan:2012qka,
      author         = "{CMS Collaboration}",
      title          = "{Search for physics beyond the standard model in events
                        with a $Z$ boson, jets, and missing transverse energy in
                        $pp$ collisions at $\sqrt{s}=7$ TeV}",
      journal        = "Phys. Lett. B",
      volume         = "716",
      pages          = "260-284",
      doi            = "10.1016/j.physletb.2012.08.026",
      year           = "2012",
      eprint         = "1204.3774",
      archivePrefix  = "arXiv",
      primaryClass   = "hep-ex",
      reportNumber   = "CMS-SUS-11-021, CERN-PH-EP-2012-029",
      SLACcitation   = "%%CITATION = ARXIV:1204.3774;%%",
}

@article{Chatrchyan:2012te,
      title          = "{Search for new physics in events with opposite-sign
                        leptons, jets, and missing transverse energy in $pp$
                        collisions at $\sqrt{s}=7$ TeV}",
      author         = "{CMS Collaboration}",
      journal        = "Phys. Lett. B",
      volume         = "718",
      pages          = "815-840",
      doi            = "10.1016/j.physletb.2012.11.036",
      year           = "2013",
      eprint         = "1206.3949",
      archivePrefix  = "arXiv",
      primaryClass   = "hep-ex",
      reportNumber   = "CMS-SUS-11-011, CERN-PH-EP-2012-156",
      SLACcitation   = "%%CITATION = ARXIV:1206.3949;%%",
}
@article{atlas-jer,
      title          = "{Jet energy resolution in proton-proton collisions at
                        $\sqrt{s}=7$ TeV recorded in 2010 with the ATLAS
                        detector}",
      collaboration  = "ATLAS",
      journal        = "Eur. Phys. J. C",
      volume         = "73",
      pages          = "2306",
      doi            = "10.1140/epjc/s10052-013-2306-0",
      year           = "2013",
      eprint         = "1210.6210",
      archivePrefix  = "arXiv",
      primaryClass   = "hep-ex",
      reportNumber   = "CERN-PH-EP-2012-191",
      SLACcitation   = "%%CITATION = ARXIV:1210.6210;%%",
}

@article{electronref,
      collaboration = "ATLAS",
      title          = "{Electron reconstruction and identification efficiency
                        measurements with the ATLAS detector using the 2011 LHC
                        proton-proton collision data}",
      journal        = "Eur. Phys. J. C",
      volume         = "74",
      pages          = "2941",
      doi            = "10.1140/epjc/s10052-014-2941-0",
      year           = "2014",
      eprint         = "1404.2240",
      archivePrefix  = "arXiv",
      primaryClass   = "hep-ex",
      reportNumber   = "CERN-PH-EP-2014-040",
      SLACcitation   = "%%CITATION = ARXIV:1404.2240;%%",
}
@booklet{ATLAS-CONF-2012-043,
    author         = "{ATLAS Collaboration}",
	title ="{Measurement of the b-tag Efficiency in a Sample of Jets Containing Muons with 5 fb$^{-1}$ of Data from the ATLAS Detector}",
	journal = "ATLAS-CONF-2012-043",
    year = "2012",
	url = "http://cdsweb.cern.ch/record/1435197"
}
@booklet{ATLAS-CONF-2014-004,
       author         = "{ATLAS Collaboration}",
       title="{Calibration of b-tagging using dileptonic top pair events in a combinatorial likelihood appoach with the ATLAS experiment}", 
       journal="ATLAS-CONF-2014-004",
       year="2014",
       url = "http://cds.cern.ch/record/1664335",
}

@article{atlastrigger,
        collaboration = "ATLAS",
        title="{Performance of the ATLAS Trigger System in 2010}",
        journal       = "Eur. Phys. J. C",
        volume = "72",
        pages = "1849",
        year="2012",
        archivePrefix  = "arXiv",
        primaryClass   = "hep-ex",
        eprint="1110.1530",
        doi            = "10.1140/epjc/s10052-011-1849-1",
}
@booklet{ATLAS-CONF-2012-040,
    author         = "{ATLAS Collaboration}",
     title     = "Measurement of the Mis-tag Rate of $b$-tagging algorithms with 5 fb$^{-1}$ of Data Collected by the ATLAS Detector",
     year      = "2012",
     journal   = "ATLAS-CONF-2012-040",
     url       = "http://cdsweb.cern.ch/record/1435194"
}

@booklet{MV1,
    author         = "{ATLAS Collaboration}",
    title="{Calibration of the performance of b-tagging for c and light-flavour jets in the 2012 ATLAS data}",
    journal="ATLAS-CONF-2014-046",
    year="2014",
    url="http://cds.cern.ch/record/1741020",
}
@article{Aad:2012fqa,
      title          = "{Search for squarks and gluinos with the ATLAS detector
                        in final states with jets and missing transverse momentum
                        using 4.7 fb$^{-1}$ of $\sqrt{s}=7$ TeV proton-proton
                        collision data}",
      collaboration  = "ATLAS",
      journal        = "Phys. Rev. D",
      volume         = "87",
      pages          = "012008",
      doi            = "10.1103/PhysRevD.87.012008",
      year           = "2013",
      eprint         = "1208.0949",
      archivePrefix  = "arXiv",
      primaryClass   = "hep-ex",
      reportNumber   = "CERN-PH-EP-2012-195",
      SLACcitation   = "%%CITATION = ARXIV:1208.0949;%%",
}
@article{matrixmethod,
        title = "{Measurement of the top quark-pair production cross section with ATLAS in pp collisions at $\sqrt{s}=7\TeV$}",
        collaboration = "ATLAS",
        year="2011",
        journal="Eur. Phys. J. C",
        volume="71",
        pages="1577",
        archivePrefix = "arXiv",
        primaryClass = "hep-ex",
        eprint = "1012.1792",
}
@article{ATLAS:2012mla,
      key            = "1204254",
      title          = "{Probing the measurement of jet energies with the ATLAS
                        detector using photon+jet events in proton-proton
                        collisions at sqrt{s} = 7 TeV}",
      collaboration  = "ATLAS",
      year           = "2012",
      journal        = "ATLAS-CONF-2012-063",
      SLACcitation   = "%%CITATION = ATLAS-CONF-2012-063 ETC.;%%",
     note="\url{http://cds.cern.ch/record/1459528}",
}
@article{Baak:2014wma,
      author         = "Baak, M. and others",
      title          = "{HistFitter software framework for statistical data
                        analysis}",
      year           = "2014",
      doi            = "10.1140/epjc/s10052-015-3327-7",
      journal        = "Eur. Phys. J. C",
      volume         = "75",
      pages          = "153",
      eprint         = "1410.1280",
      archivePrefix  = "arXiv",
      primaryClass   = "hep-ex",
      SLACcitation   = "%%CITATION = ARXIV:1410.1280;%%",
}
@article{Mangano:2006rw,
      author         = "Mangano, Michelangelo L. and Moretti, Mauro and
                        Piccinini, Fulvio and Treccani, Michele",
      title          = "{Matching matrix elements and shower evolution for
                        top-quark production in hadronic collisions}",
      journal        = "JHEP",
      volume         = "0701",
      pages          = "013",
      doi            = "10.1088/1126-6708/2007/01/013",
      year           = "2007",
      eprint         = "hep-ph/0611129",
      archivePrefix  = "arXiv",
      primaryClass   = "hep-ph",
      reportNumber   = "CERN-PH-TH-2006-232, FNT-T-2006-09",
      SLACcitation   = "%%CITATION = HEP-PH/0611129;%%",
}
@article{Aad:2013zwa,
      title          = "{Characterisation and mitigation of beam-induced
                        backgrounds observed in the ATLAS detector during the 2011
                        proton-proton run}",
      author         = "{ATLAS Collaboration}",
      journal        = "JINST",
      volume         = "8",
      pages          = "P07004",
      doi            = "10.1088/1748-0221/8/07/P07004",
      year           = "2013",
      eprint         = "1303.0223",
      archivePrefix  = "arXiv",
      primaryClass   = "hep-ex",
      reportNumber   = "CERN-PH-EP-2012-313",
      SLACcitation   = "%%CITATION = ARXIV:1303.0223;%%",
}
@booklet{ATLAS-CONF-2012-020,
      title          = "{Selection of jets produced in proton-proton collisions with the ATLAS detector using 2011 data}",
      author         = "{ATLAS Collaboration}",
      year           = "2012",
      journal        = "ATLAS-CONF-2012-020",
      url            = "http://cds.cern.ch/record/1430034"
}
@article{Hinchliffe:1996iu,
      author         = "Hinchliffe, I. and Paige, F.E. and Shapiro, M.D. and
                        Soderqvist, J. and Yao, W.",
      title          = "{Precision SUSY measurements at CERN LHC}",
      journal        = "Phys. Rev. D",
      volume         = "55", 
      pages          = "5520-5540",
      doi            = "10.1103/PhysRevD.55.5520",
      year           = "1997",
      eprint         = "hep-ph/9610544",
      archivePrefix  = "arXiv",
      primaryClass   = "hep-ph",
      reportNumber   = "LBL-39412, LBNL-39412",
      SLACcitation   = "%%CITATION = HEP-PH/9610544;%%",
}
@booklet{met_conf,
      title          = "{Performance of Missing Transverse Momentum Reconstruction in ATLAS studied in Proton-Proton Collisions recorded in 2012 at 8 TeV}",
      author         = "{ATLAS Collaboration}",
      year           = "2013",
      journal        = "ATLAS-CONF-2013-083",
      url            = "http://cds.cern.ch/record/1570994"
}
@misc{Aad:2015mia,
      title          = "{Search for squarks and gluinos in events with isolated
                        leptons, jets and missing transverse momentum at
                        $\sqrt{s}=8$ TeV with the ATLAS detector}",
      collaboration  = "ATLAS",
      year           = "2015",
      eprint         = "1501.03555",
      archivePrefix  = "arXiv",
      primaryClass   = "hep-ex",
      reportNumber   = "CERN-PH-EP-2014-278",
      SLACcitation   = "%%CITATION = ARXIV:1501.03555;%%",
      note           = "submitted to JHEP",
}
@misc{CMS-edge,
      title          = "{Search for physics beyond the standard model in events
                        with two leptons, jets, and missing transverse momentum in
                        pp collisions at $\sqrt{s} = 8$ TeV}",
      author         = "{CMS Collaboration}",
      year           = "2015",
      eprint         = "1502.06031",
      archivePrefix  = "arXiv",
      primaryClass   = "hep-ex",
      reportNumber   = "CMS-SUS-14-014, CERN-PH-EP-2015-033",
      SLACcitation   = "%%CITATION = ARXIV:1502.06031;%%",
      note           = "submitted to JHEP",
}
@Booklet{ATL-PHYS-PUB-2015-041,
    author         = "{ATLAS Collaboration}",
    title          = "{Electron identification measurements in ATLAS using $\sqrt{s}=13$~TeV data with 50~ns bunch spacing}",
    howpublished   = "{ATL-PHYS-PUB-2015-041}",
    url            = "http://cdsweb.cern.ch/record/2048202",
    year           = "2015",
}
@Booklet{ATLAS-CONF-2014-018,
    author         = "{ATLAS Collaboration}",
     title     	  = "Tagging and suppression of pileup jets with the ATLAS detector",
     howpublished ="{ATLAS-CONF-2014-018}",
     url          = "http://cds.cern.ch/record/1700870",
     year         = "2014",
}
@Booklet{ATL-PHYS-PUB-2015-022,
    author         = "{ATLAS Collaboration}",
    title          = "{Expected performance of the ATLAS $b$-tagging in Run-2}",
    howpublished   = "{ATL-PHYS-PUB-2015-022}",
    url            = "http://cdsweb.cern.ch/record/2037697",
    year           = "2015",
}
@Booklet{ATLAS:2012ema,
    title          = "{Search for physics beyond the Standard Model in events
                      with a $Z$ boson and large missing transverse momentum
                      using $\sqrt{s}=7$ TeV $pp$ collisions from the LHC with
                      the ATLAS detector}",
    author         = "{ATLAS Collaboration}",
    howpublished   = "ATLAS-CONF-2012-046",
    url            = "http://cdsweb.cern.ch/record/1448222",
    year           = "2012",
}
@article{CKKW,
  author = "S. Catani and F. Krauss and R. Kuhn and B.R. Webber",
  title = "QCD Matrix Elements + Parton Showers",
  journal = "JHEP",
  volume = "0111",
  year = 2001,
  pages = "063",
  eprint = "hep-ph/0109231",
  archivePrefix  = "arXiv",
  doi = "10.1088/1126-6708/2001/11/063"
}
@article{CKKWL,
  author = "L. {L\"{o}nnblad}",
  journal = "JHEP",
  volume = "0205",
  pages = "046",
  year = 2002,
  title = "Correcting the Colour-Dipole Cascade Model with Fixed Order Matrix Elements",
  archivePrefix  = "arXiv",
  eprint = "hep-ph/0112284",
  doi = "10.1088/1126-6708/2002/05/046",
}
@article{Golfand:1971iw,
      author         = "Golfand, {\relax Yu}. A. and Likhtman, E. P.",
      title          = "{Extension of the Algebra of Poincare Group Generators
                        and Violation of p Invariance}",
      journal        = "JETP Lett.",
      volume         = "13",
      year           = "1971",
      pages          = "323-326",
      note           = "[Pisma Zh. Eksp. Teor. Fiz. 13 (1971) 452]",
      SLACcitation   = "%%CITATION = JTPLA,13,323;%%"
}


@article{Volkov:1973ix,
      author         = "Volkov, D. V. and Akulov, V. P.",
      title          = "{Is the Neutrino a Goldstone Particle?}",
      journal        = "Phys. Lett. B",
      volume         = "46",
      year           = "1973",
      pages          = "109-110",
      doi            = "10.1016/0370-2693(73)90490-5",
      SLACcitation   = "%%CITATION = PHLTA,B46,109;%%"
}

@article{Wess:1974tw,
      author         = "Wess, J. and Zumino, B.",
      title          = "{Supergauge Transformations in Four-Dimensions}",
      journal        = "Nucl. Phys. B",
      volume         = "70",
      year           = "1974",
      pages          = "39-50",
      doi            = "10.1016/0550-3213(74)90355-1",
      SLACcitation   = "%%CITATION = NUPHA,B70,39;%%"
}

@article{Salam:1974ig,
      author         = "Salam, Abdus and Strathdee, J. A.",
      title          = "{Supersymmetry and Nonabelian Gauges}",
      journal        = "Phys. Lett. B",
      volume         = "51",
      year           = "1974",
      pages          = "353-355",
      doi            = "10.1016/0370-2693(74)90226-3",
      reportNumber   = "IC/74/36",
      SLACcitation   = "%%CITATION = PHLTA,B51,353;%%"
}

@article{Wess:1974jb,
      author         = "Wess, J. and Zumino, B.",
      title          = "{Supergauge Invariant Extension of Quantum
                        Electrodynamics}",
      journal        = "Nucl. Phys. B",
      volume         = "78",
      year           = "1974",
      pages          = "1",
      doi            = "10.1016/0550-3213(74)90112-6",
      reportNumber   = "CERN-TH-1857",
      SLACcitation   = "%%CITATION = NUPHA,B78,1;%%"
}

@article{Ferrara:1974pu,
      author         = "Ferrara, S. and Zumino, B.",
      title          = "{Supergauge Invariant Yang-Mills Theories}",
      journal        = "Nucl. Phys. B",
      volume         = "79",
      year           = "1974",
      pages          = "413",
      doi            = "10.1016/0550-3213(74)90559-8",
      reportNumber   = "CERN-TH-1866",
      SLACcitation   = "%%CITATION = NUPHA,B79,413;%%"
}

@article{Martin:1997ns,
      author         = "Martin, Stephen P.",
      title          = "{A Supersymmetry primer}",
      year           = "1997",
      doi            = "10.1142/9789812839657_0001, 10.1142/9789814307505_0001",
      note           = "[Adv. Ser. Direct. High Energy Phys.18,1(1998)]",
      eprint         = "hep-ph/9709356",
      archivePrefix  = "arXiv",
      primaryClass   = "hep-ph",
      reportNumber   = "FERMILAB-PUB-97-425-T",
      SLACcitation   = "%%CITATION = HEP-PH/9709356;%%"
}

@article{Fayet:1976et,
      author         = "Fayet, Pierre",
      title          = "{Supersymmetry and Weak, Electromagnetic and Strong
                        Interactions}",
      journal        = "Phys. Lett. B",
      volume         = "64",
      year           = "1976",
      pages          = "159",
      doi            = "10.1016/0370-2693(76)90319-1",
      reportNumber   = "PTENS 76/14",
      SLACcitation   = "%%CITATION = PHLTA,B64,159;%%"
}

@article{Fayet:1977yc,
      author         = "Fayet, Pierre",
      title          = "{Spontaneously Broken Supersymmetric Theories of Weak,
                        Electromagnetic and Strong Interactions}",
      journal        = "Phys. Lett. B",
      volume         = "69",
      year           = "1977",
      pages          = "489",
      doi            = "10.1016/0370-2693(77)90852-8",
      reportNumber   = "LPTENS 77/11",
      SLACcitation   = "%%CITATION = PHLTA,B69,489;%%"
}

@article{Farrar:1978xj,
      author         = "Farrar, Glennys R. and Fayet, Pierre",
      title          = "{Phenomenology of the Production, Decay, and Detection of
                        New Hadronic States Associated with Supersymmetry}",
      journal        = "Phys. Lett. B",
      volume         = "76",
      year           = "1978",
      pages          = "575-579",
      doi            = "10.1016/0370-2693(78)90858-4",
      reportNumber   = "CALT-68-648",
      SLACcitation   = "%%CITATION = PHLTA,B76,575;%%"
}

@article{Goldberg:1983nd,
      author         = "Goldberg, H.",
      title          = "{Constraint on the Photino Mass from Cosmology}",
      journal        = "Phys. Rev. Lett.",
      volume         = "50",
      year           = "1983",
      pages          = "1419",
      doi            = "10.1103/PhysRevLett.50.1419",
      note           = "[Erratum: Phys. Rev. Lett. 103 (2009) 099905]",
      reportNumber   = "NUB-2592",
      SLACcitation   = "%%CITATION = PRLTA,50,1419;%%"
}

@article{Ellis:1983ew,
      author         = "Ellis, John R. and Hagelin, J. S. and Nanopoulos, Dimitri
                        V. and Olive, Keith A. and Srednicki, M.",
      title          = "{Supersymmetric Relics from the Big Bang}",
      booktitle      = "{IN *BATAVIA 1984, PROCEEDINGS, INNER SPACE/OUTER SPACE*,
                        458-459., In *Srednicki, M.A. (ed.): Particle physics and
                        cosmology* 223-246}",
      journal        = "Nucl. Phys. B",
      volume         = "238",
      year           = "1984",
      pages          = "453-476",
      doi            = "10.1016/0550-3213(84)90461-9",
      reportNumber   = "SLAC-PUB-3171",
      SLACcitation   = "%%CITATION = NUPHA,B238,453;%%"
}

@article{Chamseddine:1982jx,
      author         = "Chamseddine, Ali H. and Arnowitt, Richard L. and Nath,
                        Pran",
      title          = "{Locally Supersymmetric Grand Unification}",
      journal        = "Phys. Rev. Lett.",
      volume         = "49",
      year           = "1982",
      pages          = "970",
      doi            = "10.1103/PhysRevLett.49.970",
      reportNumber   = "NUB-2559",
      SLACcitation   = "%%CITATION = PRLTA,49,970;%%"
}

@article{Barbieri:1982eh,
      author         = "Barbieri, Riccardo and Ferrara, S. and Savoy, Carlos A.",
      title          = "{Gauge Models with Spontaneously Broken Local
                        Supersymmetry}",
      journal        = "Phys. Lett. B",
      volume         = "119",
      year           = "1982",
      pages          = "343",
      doi            = "10.1016/0370-2693(82)90685-2",
      reportNumber   = "CERN-TH-3365",
      SLACcitation   = "%%CITATION = PHLTA,B119,343;%%"
}

@article{Kane:1993td,
      author         = "Kane, Gordon L. and Kolda, Christopher F. and Roszkowski,
                        Leszek and Wells, James D.",
      title          = "{Study of constrained minimal supersymmetry}",
      journal        = "Phys. Rev. D",
      volume         = "49",
      year           = "1994",
      pages          = "6173-6210",
      doi            = "10.1103/PhysRevD.49.6173",
      eprint         = "hep-ph/9312272",
      archivePrefix  = "arXiv",
      primaryClass   = "hep-ph",
      reportNumber   = "UM-TH-93-24",
      SLACcitation   = "%%CITATION = HEP-PH/9312272;%%"
}

@article{Barbieri:1987fn,
      author         = "Barbieri, Riccardo and Giudice, G. F.",
      title          = "{Upper Bounds on Supersymmetric Particle Masses}",
      journal        = "Nucl. Phys. B",
      volume         = "306",
      year           = "1988",
      pages          = "63",
      doi            = "10.1016/0550-3213(88)90171-X",
      reportNumber   = "CERN-TH-4825/87",
      SLACcitation   = "%%CITATION = NUPHA,B306,63;%%"
}

@article{deCarlos:1993yy,
      author         = "de Carlos, B. and Casas, J. A.",
      title          = "{One loop analysis of the electroweak breaking in
                        supersymmetric models and the fine tuning problem}",
      journal        = "Phys. Lett. B",
      volume         = "309",
      year           = "1993",
      pages          = "320-328",
      doi            = "10.1016/0370-2693(93)90940-J",
      eprint         = "hep-ph/9303291",
      archivePrefix  = "arXiv",
      primaryClass   = "hep-ph",
      reportNumber   = "CERN-TH-6835-93, IEM-FT-70-93",
      SLACcitation   = "%%CITATION = HEP-PH/9303291;%%"
}

@article{Giudice:1998xp,
      author         = "Giudice, Gian F. and Luty, Markus A. and Murayama,
                        Hitoshi and Rattazzi, Riccardo",
      title          = "{Gaugino mass without singlets}",
      journal        = "JHEP",
      volume         = "12",
      year           = "1998",
      pages          = "027",
      doi            = "10.1088/1126-6708/1998/12/027",
      eprint         = "hep-ph/9810442",
      archivePrefix  = "arXiv",
      primaryClass   = "hep-ph",
      reportNumber   = "CERN-TH-98-337, LBNL-42419, LBL-42419, UCB-PTH-98-50,
                        UMD-PP-99-037",
      SLACcitation   = "%%CITATION = HEP-PH/9810442;%%"
}

@article{Randall:1998uk,
      author         = "Randall, Lisa and Sundrum, Raman",
      title          = "{Out of this world supersymmetry breaking}",
      journal        = "Nucl. Phys. B",
      volume         = "557",
      year           = "1999",
      pages          = "79-118",
      doi            = "10.1016/S0550-3213(99)00359-4",
      eprint         = "hep-th/9810155",
      archivePrefix  = "arXiv",
      primaryClass   = "hep-th",
      reportNumber   = "MIT-CTP-2788, PUPT-1815, BUHEP-98-26",
      SLACcitation   = "%%CITATION = HEP-TH/9810155;%%"
}

@article{Cheung:2007es,
      author         = "Cheung, Clifford and Fitzpatrick, A. Liam and Shih,
                        David",
      title          = "{(Extra)ordinary gauge mediation}",
      journal        = "JHEP",
      volume         = "07",
      year           = "2008",
      pages          = "054",
      doi            = "10.1088/1126-6708/2008/07/054",
      eprint         = "0710.3585",
      archivePrefix  = "arXiv",
      primaryClass   = "hep-ph",
      SLACcitation   = "%%CITATION = ARXIV:0710.3585;%%"
}

@article{Meade:2008wd,
      author         = "Meade, Patrick and Seiberg, Nathan and Shih, David",
      title          = "{General Gauge Mediation}",
      booktitle      = "{30 years of mathematical methods in high energy physics.
                        Proceedings, International Conference in honor of
                        Professor Tohru Eguchi's 60th birthday, Kyoto, Japan,
                        March 17-19, 2008}",
      journal        = "Prog. Theor. Phys. Suppl.",
      volume         = "177",
      year           = "2009",
      pages          = "143-158",
      doi            = "10.1143/PTPS.177.143",
      eprint         = "0801.3278",
      archivePrefix  = "arXiv",
      primaryClass   = "hep-ph",
      SLACcitation   = "%%CITATION = ARXIV:0801.3278;%%"
}

@article{Fayet:1974jb,
      author         = "Fayet, Pierre and Iliopoulos, J.",
      title          = "{Spontaneously Broken Supergauge Symmetries and Goldstone
                        Spinors}",
      journal        = "Phys. Lett. B",
      volume         = "51",
      year           = "1974",
      pages          = "461-464",
      doi            = "10.1016/0370-2693(74)90310-4",
      SLACcitation   = "%%CITATION = PHLTA,B51,461;%%"
}

@article{O'Raifeartaigh:1975pr,
      author         = "O'Raifeartaigh, L.",
      title          = "{Spontaneous Symmetry Breaking for Chiral Scalar
                        Superfields}",
      journal        = "Nucl. Phys. B",
      volume         = "96",
      year           = "1975",
      pages          = "331",
      doi            = "10.1016/0550-3213(75)90585-4",
      reportNumber   = "DIAS-TP-75-9",
      SLACcitation   = "%%CITATION = NUPHA,B96,331;%%"
}

@article{Girardello:1981wz,
      author         = "Girardello, L. and Grisaru, Marcus T.",
      title          = "{Soft Breaking of Supersymmetry}",
      journal        = "Nucl. Phys. B",
      volume         = "194",
      year           = "1982",
      pages          = "65",
      doi            = "10.1016/0550-3213(82)90512-0",
      reportNumber   = "Print-81-0592 (HARVARD)",
      SLACcitation   = "%%CITATION = NUPHA,B194,65;%%"
}

@article{Deser:1976eh,
      author         = "Deser, Stanley and Zumino, B.",
      title          = "{Consistent Supergravity}",
      journal        = "Phys. Lett. B",
      volume         = "62",
      year           = "1976",
      pages          = "335",
      doi            = "10.1016/0370-2693(76)90089-7",
      reportNumber   = "CERN-TH-2164",
      SLACcitation   = "%%CITATION = PHLTA,B62,335;%%"
}

@article{Freedman:1976xh,
      author         = "Freedman, Daniel Z. and van Nieuwenhuizen, P. and
                        Ferrara, S.",
      title          = "{Progress Toward a Theory of Supergravity}",
      journal        = "Phys. Rev. D",
      volume         = "13",
      year           = "1976",
      pages          = "3214-3218",
      doi            = "10.1103/PhysRevD.13.3214",
      reportNumber   = "ITP-SB-76-23",
      SLACcitation   = "%%CITATION = PHRVA,D13,3214;%%"
}

@article{Dimopoulos:1981zb,
      author         = "Dimopoulos, Savas and Georgi, Howard",
      title          = "{Softly Broken Supersymmetry and SU(5)}",
      journal        = "Nucl. Phys. B",
      volume         = "193",
      year           = "1981",
      pages          = "150",
      doi            = "10.1016/0550-3213(81)90522-8",
      reportNumber   = "HUTP-81/A022",
      SLACcitation   = "%%CITATION = NUPHA,B193,150;%%"
}

@article{Sakai:1981gr,
      author         = "Sakai, N.",
      title          = "{Naturalness in Supersymmetric GUTS}",
      journal        = "Z. Phys. C",
      volume         = "11",
      year           = "1981",
      pages          = "153",
      doi            = "10.1007/BF01573998",
      reportNumber   = "TU/81/225",
      SLACcitation   = "%%CITATION = ZEPYA,C11,153;%%"
}

@article{Dimopoulos:1981yj,
      author         = "Dimopoulos, S. and Raby, S. and Wilczek, Frank",
      title          = "{Supersymmetry and the Scale of Unification}",
      journal        = "Phys. Rev. D",
      volume         = "24",
      year           = "1981",
      pages          = "1681-1683",
      doi            = "10.1103/PhysRevD.24.1681",
      reportNumber   = "NSF-ITP-81-31",
      SLACcitation   = "%%CITATION = PHRVA,D24,1681;%%"
}

@article{Ibanez:1981yh,
      author         = "Ibanez, Luis E. and Ross, Graham G.",
      title          = "{Low-Energy Predictions in Supersymmetric Grand Unified
                        Theories}",
      journal        = "Phys. Lett. B",
      volume         = "105",
      year           = "1981",
      pages          = "439",
      doi            = "10.1016/0370-2693(81)91200-4",
      reportNumber   = "OXFORD-TP 65/81",
      SLACcitation   = "%%CITATION = PHLTA,B105,439;%%"
}

@article{Ibanez:1982fr,
      author         = "Ibanez, Luis E. and Ross, Graham G.",
      title          = "{SU(2)-L x U(1) Symmetry Breaking as a Radiative Effect
                        of Supersymmetry Breaking in Guts}",
      journal        = "Phys. Lett. B",
      volume         = "110",
      year           = "1982",
      pages          = "215-220",
      doi            = "10.1016/0370-2693(82)91239-4",
      reportNumber   = "PRINT-82-0083 (OXFORD), OXFORD-TP-97-81",
      SLACcitation   = "%%CITATION = PHLTA,B110,215;%%"
}

@article{Inoue:1982pi,
      author         = "Inoue, Kenzo and Kakuto, Akira and Komatsu, Hiromasa and
                        Takeshita, Seiichiro",
      title          = "{Aspects of Grand Unified Models with Softly Broken
                        Supersymmetry}",
      journal        = "Prog. Theor. Phys.",
      volume         = "68",
      year           = "1982",
      pages          = "927",
      doi            = "10.1143/PTP.68.927",
      note           = "[Erratum: Prog. Theor. Phys.70,330(1983)]",
      reportNumber   = "KYUSHU-82-HE-5",
      SLACcitation   = "%%CITATION = PTPKA,68,927;%%"
}

@article{Fayet:1974pd,
      author         = "Fayet, Pierre",
      title          = "{Supergauge Invariant Extension of the Higgs Mechanism
                        and a Model for the electron and Its Neutrino}",
      journal        = "Nucl. Phys. B",
      volume         = "90",
      year           = "1975",
      pages          = "104-124",
      doi            = "10.1016/0550-3213(75)90636-7",
      reportNumber   = "PTENS-74-7",
      SLACcitation   = "%%CITATION = NUPHA,B90,104;%%"
}

@article{ArkaniHamed:2004fb,
      author         = "Arkani-Hamed, Nima and Dimopoulos, Savas",
      title          = "{Supersymmetric unification without low energy
                        supersymmetry and signatures for fine-tuning at the LHC}",
      journal        = "JHEP",
      volume         = "06",
      year           = "2005",
      pages          = "073",
      doi            = "10.1088/1126-6708/2005/06/073",
      eprint         = "hep-th/0405159",
      archivePrefix  = "arXiv",
      primaryClass   = "hep-th",
      SLACcitation   = "%%CITATION = HEP-TH/0405159;%%"
}

@article{Giudice:2004tc,
      author         = "Giudice, G. F. and Romanino, A.",
      title          = "{Split supersymmetry}",
      journal        = "Nucl. Phys. B",
      volume         = "699",
      year           = "2004",
      pages          = "65-89",
      doi            = "10.1016/j.nuclphysb.2004.11.048",
      note           = "[Erratum: Nucl. Phys.B706,65(2005)]",
      eprint         = "hep-ph/0406088",
      archivePrefix  = "arXiv",
      primaryClass   = "hep-ph",
      reportNumber   = "CERN-PH-TH-2004-100",
      SLACcitation   = "%%CITATION = HEP-PH/0406088;%%"
}

@article{Ellis:1983ed,
      author         = "Ellis, John R. and Rudaz, Serge",
      title          = "{Search for Supersymmetry in Toponium Decays}",
      journal        = "Phys. Lett. B",
      volume         = "128",
      year           = "1983",
      pages          = "248",
      doi            = "10.1016/0370-2693(83)90402-1",
      reportNumber   = "SLAC-PUB-3101",
      SLACcitation   = "%%CITATION = PHLTA,B128,248;%%"
}

@inproceedings{Djouadi:1998di,
      author         = "Djouadi, A. and others",
      title          = "{The Minimal supersymmetric standard model: Group summary
                        report}",
      booktitle      = "{GDR (Groupement De Recherche) - Supersymetrie
                        Montpellier, France, April 15-17, 1998}",
      collaboration  = "MSSM Working Group",
      url            = "http://inspirehep.net/record/481987/files/arXiv:hep-ph_9901246.pdf",
      year           = "1998",
      eprint         = "hep-ph/9901246",
      archivePrefix  = "arXiv",
      primaryClass   = "hep-ph",
      reportNumber   = "PM-98-45",
      SLACcitation   = "%%CITATION = HEP-PH/9901246;%%"
}

@article{Berger:2008cq,
      author         = "Berger, Carola F. and Gainer, James S. and Hewett, JoAnne
                        L. and Rizzo, Thomas G.",
      title          = "{Supersymmetry Without Prejudice}",
      journal        = "JHEP",
      volume         = "02",
      year           = "2009",
      pages          = "023",
      doi            = "10.1088/1126-6708/2009/02/023",
      eprint         = "0812.0980",
      archivePrefix  = "arXiv",
      primaryClass   = "hep-ph",
      reportNumber   = "MIT-CTP-3988, SLAC-PUB-13388",
      SLACcitation   = "%%CITATION = ARXIV:0812.0980;%%"
}

@article{Alwall:2008ve,
      author         = "Alwall, Johan and Le, My-Phuong and Lisanti, Mariangela
                        and Wacker, Jay G.",
      title          = "{Searching for Directly Decaying Gluinos at the
                        Tevatron}",
      journal        = "Phys. Lett. B",
      volume         = "666",
      year           = "2008",
      pages          = "34-37",
      doi            = "10.1016/j.physletb.2008.06.065",
      eprint         = "0803.0019",
      archivePrefix  = "arXiv",
      primaryClass   = "hep-ph",
      reportNumber   = "SLAC-PUB-13149",
      SLACcitation   = "%%CITATION = ARXIV:0803.0019;%%"
}

@article{Alwall:2008ag,
      author         = "Alwall, Johan and Schuster, Philip and Toro, Natalia",
      title          = "{Simplified Models for a First Characterization of New
                        Physics at the LHC}",
      journal        = "Phys. Rev. D",
      volume         = "79",
      year           = "2009",
      pages          = "075020",
      doi            = "10.1103/PhysRevD.79.075020",
      eprint         = "0810.3921",
      archivePrefix  = "arXiv",
      primaryClass   = "hep-ph",
      reportNumber   = "SLAC-PUB-13425, SU-ITP-08-24",
      SLACcitation   = "%%CITATION = ARXIV:0810.3921;%%"
}

@article{Alves:2011wf,
      author         = "Alves, Daniele",
      editor         = "Arkani-Hamed, Nima and Arora, Sanjay and Bai, Yang and
                        Baumgart, Matthew and Berger, Joshua and Buckley, Matthew
                        and Butler, Bart and Chang, Spencer and Cheng, Hsin-Chia
                        and Cheung, Clifford and others ",
      title          = "{Simplified Models for LHC New Physics Searches}",
      collaboration  = "LHC New Physics Working Group",
      journal        = "J. Phys. G",
      volume         = "39",
      year           = "2012",
      pages          = "105005",
      doi            = "10.1088/0954-3899/39/10/105005",
      eprint         = "1105.2838",
      archivePrefix  = "arXiv",
      primaryClass   = "hep-ph",
      reportNumber   = "SLAC-PUB-15045, FERMILAB-PUB-11-842-A-PPD",
      SLACcitation   = "%%CITATION = ARXIV:1105.2838;%%"
}

@article{Alwall:2014hca,
      author         = "Alwall, J. and Frederix, R. and Frixione, S. and Hirschi,
                        V. and Maltoni, F. and Mattelaer, O. and Shao, H. -S. and
                        Stelzer, T. and Torrielli, P. and Zaro, M.",
      title          = "{The automated computation of tree-level and
                        next-to-leading order differential cross sections, and
                        their matching to parton shower simulations}",
      journal        = "JHEP",
      volume         = "07",
      year           = "2014",
      pages          = "079",
      doi            = "10.1007/JHEP07(2014)079",
      eprint         = "1405.0301",
      archivePrefix  = "arXiv",
      primaryClass   = "hep-ph",
      reportNumber   = "CERN-PH-TH-2014-064, CP3-14-18, LPN14-066, MCNET-14-09,
                        ZU-TH-14-14",
      SLACcitation   = "%%CITATION = ARXIV:1405.0301;%%"
}



@booklet{ATL-PHYS-PUB-2015-037,
    author         = "{ATLAS Collaboration}",
    title="{Muon reconstruction performance in early $\sqrt{s}=13$ TeV data}",
	howpublished="ATL-PHYS-PUB-2015-037",
	year="2015",
	url="http://cds.cern.ch/record/2047831",
} 
@booklet{ATL-PHYS-PUB-2015-027,
    author         = "{ATLAS Collaboration}",
    year="2015",
    title="{Performance of missing transverse momentum reconstruction for the ATLAS detector in the first proton-proton collisions at at $\sqrt{s}$= 13 TeV}",
    url="http://cds.cern.ch/record/2037904",
    howpublished="ATL-PHYS-PUB-2015-027"
}
@booklet{ATL-PHYS-PUB-2015-023,
    author         = "{ATLAS Collaboration}",
    year="2015",
    title="{Expected performance of missing transverse momentum reconstruction for the ATLAS detector at $\sqrt{s}=13$ TeV}",
    url="http://cds.cern.ch/record/2037700",
    howpublished="ATL-PHYS-PUB-2015-023"
}
@booklet{ATL-PHYS-PUB-2015-015,
    author         = "{ATLAS Collaboration}",
    year="2015",
    title="{Jet Calibration and Systematic Uncertainties for Jets Reconstructed in the ATLAS Detector at $\sqrt{s}=13$ TeV}",
    url="http://cds.cern.ch/record/2037613",
    howpublished = "ATL-PHYS-PUB-2015-015"
}

@article{Gleisberg:2008fv,
      author         = "Gleisberg, Tanju and H{\"o}che, Stefan",
      title          = "{Comix, a new matrix element generator}",
      journal        = "JHEP",
      volume         = "0812",
      pages          = "039",
      doi            = "10.1088/1126-6708/2008/12/039",
      year           = "2008",
      eprint         = "0808.3674",
      archivePrefix  = "arXiv",
      primaryClass   = "hep-ph",
}

@article{Cascioli:2011va,
      author         = "Cascioli, Fabio and Maierhofer, Philipp and Pozzorini,
                        Stefano",
      title          = "{Scattering Amplitudes with Open Loops}",
      journal        = "Phys. Rev. Lett.",
      volume         = "108",
      year           = "2012",
      pages          = "111601",
      doi            = "10.1103/PhysRevLett.108.111601",
      eprint         = "1111.5206",
      archivePrefix  = "arXiv",
      primaryClass   = "hep-ph",
      reportNumber   = "ZU-TH-23-11, LPN11-66",
      SLACcitation   = "%%CITATION = ARXIV:1111.5206;%%"
}
@article{Hoeche:2012yf,
      author         = "H{\"o}che, Stefan and Krauss, Frank and Sch{\"o}nherr, Marek and
                        Siegert, Frank",
      title          = "{QCD matrix elements + parton showers: The NLO case}",
      journal        = "JHEP",
      volume         = "04",
      year           = "2013",
      pages          = "027",
      doi            = "10.1007/JHEP04(2013)027",
      eprint         = "1207.5030",
      archivePrefix  = "arXiv",
      primaryClass   = "hep-ph",
      reportNumber   = "SLAC-PUB-15191, IPPP-12-52, DCPT-12-104, LPN12-081,
                        FR-PHENO-2012-017, MCNET-12-09, --FR-PHENO-2012-017",
      SLACcitation   = "%%CITATION = ARXIV:1207.5030;%%"
}
@article{Schumann:2007mg,
      author         = "Schumann, Steffen and Krauss, Frank",
      title          = "{A Parton shower algorithm based on Catani-Seymour dipole
                        factorisation}",
      journal        = "JHEP",
      volume         = "0803",
      pages          = "038",
      doi            = "10.1088/1126-6708/2008/03/038",
      year           = "2008",
      eprint         = "0709.1027",
      archivePrefix  = "arXiv",
      primaryClass   = "hep-ph",
}
@article{Ball:2012cx,
      author         = "Ball, Richard D. and others",
      title          = "{Parton distributions with LHC data}",
      journal        = "Nucl. Phys.",
      volume         = "B867",
      year           = "2013",
      pages          = "244-289",
      doi            = "10.1016/j.nuclphysb.2012.10.003",
      eprint         = "1207.1303",
      archivePrefix  = "arXiv",
      primaryClass   = "hep-ph",
      reportNumber   = "EDINBURGH-2012-08, IFUM-FT-997, FR-PHENO-2012-014,
                        RWTH-TTK-12-25, CERN-PH-TH-2012-037, SFB-CPP-12-47\,
                        --CERN-PH-TH-2012-037",
      SLACcitation   = "%%CITATION = ARXIV:1207.1303;%%"
}
@Article{EvtGen,
    author         = "{D. J. Lange}",
    title          = "{The EvtGen particle decay simulation package}",
    journal        = "Nucl. Instrum. Meth.",
    volume         = "A462",
    year           = "2001",
    pages          = "152",
    doi            = "10.1016/S0168-9002(01)00089-4",
    primaryClass   = "hep-ex",
}
@booklet{ATL-PHYS-PUB-2015-051,
    title = "{Early Inner Detector Tracking Performance in the 2015 Data at $\sqrt{s}$ = 13 TeV}",
    author = "{ATLAS Collaboration}",
    howpublished = "ATL-PHYS-PUB-2015-051",
    url = "http://cds.cern.ch/record/2110140",
    year = "2015",
}
@booklet{ATL-PHYS-PUB-2015-026,
    title = "{Vertex Reconstruction Performance of the ATLAS Detector at $\sqrt{s}$ = 13 TeV}",
    author = "{ATLAS Collaboration}",
    howpublished = "ATL-PHYS-PUB-2015-026",
    url = "http://cds.cern.ch/record/2037717",
    year = "2015",
}
@booklet{ATL-LARG-PUB-2008-002,
      author       = "Lampl, W. and others",
      title        = "Calorimeter clustering algorithms: description and performance",
      url          = "http://cdsweb.cern.ch/record/1099735",
      howpublished = "ATL-LARG-PUB-2008-002",
      year         = "2008",
}
@article{N3Myth,
  author         = "Matteo Cacciari and Gavin P. Salam",
  title          = "{Dispelling the N$^{3}$ myth for the Kt jet-finder}",
  doi            = "10.1016/j.physletb.2006.08.037",
  journal        = "Phys. Lett. B",
  volume         = "641",
  year           = "2006",
  pages          = "57-61",
  archivePrefix  = "arXiv",
  eprint         = "hep-ph/0512210"
}

@Article{PDG:2014,
     author    = "Olive, K.A. and others",
     collaboration = "Particle Data Group",
     title     = "{Particle Data Group}",
     journal   = "Chin. Phys. C",
     volume    = "38",
     year      = "2015",
     pages     = "",
     doi       = "",
}
@article{Andersen:2014efa,
      author         = "Andersen, J. R. and others",
      title          = "{Les Houches 2013: Physics at TeV Colliders: Standard
                        Model Working Group Report}",
      year           = "2014",
      eprint         = "1405.1067",
      archivePrefix  = "arXiv",
      primaryClass   = "hep-ph",
      SLACcitation   = "%%CITATION = ARXIV:1405.1067;%%"
}

@article{Curtin:2014cca,
      author         = "Curtin, David and Essig, Rouven and Gori, Stefania and
                        Shelton, Jessie",
      title          = "{Illuminating Dark Photons with High-Energy Colliders}",
      journal        = "JHEP",
      volume         = "02",
      year           = "2015",
      pages          = "157",
      doi            = "10.1007/JHEP02(2015)157",
      eprint         = "1412.0018",
      archivePrefix  = "arXiv",
      primaryClass   = "hep-ph",
      reportNumber   = "YITP-SB-14-49",
      SLACcitation   = "%%CITATION = ARXIV:1412.0018;%%"
}
@article{Hinchliffe:1996iu,
      author         = "Hinchliffe, I. and Paige, F.E. and Shapiro, M.D. and
                        Soderqvist, J. and Yao, W.",
      title          = "{Precision SUSY measurements at CERN LHC}",
      journal        = "Phys. Rev. D",
      volume         = "55", 
      pages          = "5520-5540",
      doi            = "10.1103/PhysRevD.55.5520",
      year           = "1997",
      archivePrefix  = "arXiv",
      primaryClass   = "hep-ph",
      reportNumber   = "LBL-39412, LBNL-39412",
      SLACcitation   = "%%CITATION = HEP-PH/9610544;%%",
}
@booklet{CMS:2015bsf,
     author         = "{CMS Collaboration}",
     title          = "{Search for new  physics in final states with two
                        opposite-sign same-flavor leptons, jets and missing
                        transverse momentum in pp collisions at $\sqrt{s}=13$ TeV}",
      collaboration  = "CMS",
      year           = "2015",
      howpublished   = "CMS-PAS-SUS-15-011",
      url            = "http://cds.cern.ch/record/2114811",
      SLACcitation   = "%%CITATION = CMS-PAS-SUS-15-011;%%"
}
@article{Garzelli:2012bn,
      author         = "Garzelli, M. V. and Kardos, A. and Papadopoulos, C. G.
                        and Trocsanyi, Z.",
      title          = "{t $\bar{t}$ $W^{+-}$ and t $\bar{t}$ Z Hadroproduction
                        at NLO accuracy in QCD with Parton Shower and
                        Hadronization effects}",
      journal        = "JHEP",
      volume         = "11",
      year           = "2012",
      pages          = "056",
      doi            = "10.1007/JHEP11(2012)056",
      eprint         = "1208.2665",
      archivePrefix  = "arXiv",
      primaryClass   = "hep-ph",
      SLACcitation   = "%%CITATION = ARXIV:1208.2665;%%"
}

@booklet{ATL-PHYS-PUB-2016-002,
      author        = "{ATLAS Collaboration}",
      title         = "{Multi-Boson Simulation for 13 TeV ATLAS Analyses}",
      year          = "2016",
      howpublished  = "ATL-PHYS-PUB-2016-002",
      url           = "http://cds.cern.ch/record/2119986",
}
@booklet{ATL-PHYS-PUB-2016-003,
      author        = "{ATLAS Collaboration}",
      title         = "{Monte Carlo Generators for the Production of a $W$ or
                       $Z/\gamma^*$ Boson in Association with Jets at ATLAS in Run
                       2}",
      howpublished  = "ATL-PHYS-PUB-2016-003",
      year          = "2016",
      url           = "http://cds.cern.ch/record/2120133",
}
@booklet{ATL-PHYS-PUB-2016-004,
      author        = "{ATLAS Collaboration}",
      title         = "{Simulation of top quark production for the ATLAS
                       experiment at $\sqrt{s}$ = 13 TeV}",
      howpublished  = "ATL-PHYS-PUB-2016-004",
      year          = "2016",
      url           = "http://cds.cern.ch/record/2120417",
}
@booklet{ATL-PHYS-PUB-2016-005,
      author        = "{ATLAS Collaboration}",
      title         = "{Modelling of the $t\bar{t}H$ and $t\bar{t}V$ $(V=W,Z)$
                       processes for $\sqrt{s}=13$ TeV ATLAS analyses}",
      howpublished  = "ATL-PHYS-PUB-2016-005",
      year          = "2016",
      url           = "http://cds.cern.ch/record/2120826",
}

@article{ATLAS4,
      author         = "Aad, Georges and others",
      title          = "{Search for supersymmetry in events containing a
                        same-flavour opposite-sign dilepton pair, jets, and large
                        missing transverse momentum in $\sqrt{s}=8$  TeV pp
                        collisions with the ATLAS detector}",
      collaboration  = "ATLAS",
      journal        = "Eur. Phys. J.",
      volume         = "C75",
      year           = "2015",
      number         = "7",
      pages          = "318",
      doi            = "10.1140/epjc/s10052-015-3661-9,
                        10.1140/epjc/s10052-015-3518-2",
      note           = "[Erratum: Eur. Phys. J.C75,no.10,463(2015)]",
      eprint         = "1503.03290",
      archivePrefix  = "arXiv",
      primaryClass   = "hep-ex",
      reportNumber   = "CERN-PH-EP-2015-038",
      SLACcitation   = "%%CITATION = ARXIV:1503.03290;%%"
}
@article{Sjostrand:2007gs,
      author         = "T. {Sj\"{o}strand} and S. Mrenna and P. Skands",
      title          = "{A Brief Introduction to PYTHIA 8.1}",
      journal        = "Comput. Phys. Commun.",
      volume         = "178",
      pages          = "852",
      doi            = "10.1016/j.cpc.2008.01.036",
      year           = "2008",
      eprint         = "0710.3820",
      archivePrefix  = "arXiv",
      primaryClass   = "hep-ph",
      reportNumber   = "CERN-LCGAPP-2007-04, LU-TP-07-28,
                        FERMILAB-PUB-07-512-CD-T",
      SLACcitation   = "%%CITATION = ARXIV:0710.3820;%%",
}
@booklet{ATLAS:2012uec,
      title          = "{Summary of ATLAS Pythia 8 tunes}",
      author         = "{ATLAS Collaboration}",
      year           = "2012",
      howpublished   = "ATL-PHYS-PUB-2012-003",
      url            = "http://cds.cern.ch/record/1474107"
}
@article{MSTW,
  author = "G. Watt and R. S. Thorne",
  title = "{Study of Monte Carlo approach to experimental uncertainty propagation with MSTW 2008 PDFs}",
  archivePrefix  = "arXiv",
  primaryClass   = "hep-ph",
  eprint         = "1205.4024",
  journal = "JHEP",
  volume = "1208",
  pages = "052",
  year = 2012,
  doi = "10.1007/JHEP08(2012)052"
}
@booklet{ATL-DAQ-PUB-2016-001,
      author         = "{ATLAS Collaboration}",
      title         = "{2015 start-up trigger menu and initial performance assessment of the ATLAS trigger using Run-2 data}",
      year          = "2016",
      howpublished  = "ATL-DAQ-PUB-2016-001",
      url           = "http://cds.cern.ch/record/2136007",
}
@booklet{ATL-PHYS-PUB-2015-013,
      author         = "{ATLAS Collaboration}",
      title          = "{Proposal for truth particle observable definitions in physics measurements}",
      year           = "2015",
      howpublished   = "ATL-PHYS-PUB-2015-013",
      url            = "http://cds.cern.ch/record/2022743"
}




@article{Cahill-Rowley:2015cha,
      author         = "Cahill-Rowley, M. and Hewett, J. L. and Ismail, A. and
                        Rizzo, T. G.",
      title          = "{ATLAS Z + missing transverse energy excess in the
                        MSSM}",
      journal        = "Phys. Rev. D",
      volume         = "92",
      year           = "2015",
      pages          = "075029",
      doi            = "10.1103/PhysRevD.92.075029",
      eprint         = "1506.05799",
      archivePrefix  = "arXiv",
      primaryClass   = "hep-ph",
      reportNumber   = "SLAC-PUB-16308",
      SLACcitation   = "%%CITATION = ARXIV:1506.05799;%%"
}
@article{Aad:2015mbv,
      author         = "{ATLAS Collaboration}",
      title          = "{Measurements of top-quark pair differential
                        cross-sections in the lepton+jets channel in $pp$
                        collisions at $\sqrt{s}=8$ TeV using the ATLAS detector}",
      year           = "2015",
      journal        = "Eur. Phys. J. C",
      eprint         = "1511.04716",
      archivePrefix  = "arXiv",
      primaryClass   = "hep-ex",
      reportNumber   = "CERN-PH-EP-2015-239",
      SLACcitation   = "%%CITATION = ARXIV:1511.04716;%%",
      note           = "Submitted"
}
@article{Khachatryan:2015oqa,
      author         = "{CMS Collaboration}",
      title          = "{Measurement of the differential cross section for top
                        quark pair production in pp collisions at $\sqrt{s} =
                        8\,\text {TeV} $}",
      journal        = "Eur. Phys. J. C",
      volume         = "75",
      year           = "2015",
      number         = "11",
      pages          = "542",
      doi            = "10.1140/epjc/s10052-015-3709-x",
      eprint         = "1505.04480",
      archivePrefix  = "arXiv",
      primaryClass   = "hep-ex",
      reportNumber   = "CMS-TOP-12-028, CERN-PH-EP-2015-117",
      SLACcitation   = "%%CITATION = ARXIV:1505.04480;%%"
}

@article{Aad:2015hna,
      author         = "{ATLAS Collaboration}",
      title          = "{Measurement of the differential cross-section of highly
                        boosted top quarks as a function of their transverse
                        momentum in $\sqrt{s}$ = 8 TeV proton-proton collisions
                        using the ATLAS detector}",
      journal        = "Phys. Rev. D",
      volume         = "93",
      year           = "2016",
      number         = "3",
      pages          = "032009",
      doi            = "10.1103/PhysRevD.93.032009",
      eprint         = "1510.03818",
      archivePrefix  = "arXiv",
      primaryClass   = "hep-ex",
      reportNumber   = "CERN-PH-EP-2015-237",
      SLACcitation   = "%%CITATION = ARXIV:1510.03818;%%"
}
@article{Khachatryan:2016gxp,
      author         = "{CMS Collaboration}",
      title          = "{Measurement of the integrated and differential t-tbar
                        production cross sections for high-pt top quarks in pp
                        collisions at $\sqrt{s}$ = 8 TeV}",
      year           = "2016",
      eprint         = "1605.00116",
      archivePrefix  = "arXiv",
      primaryClass   = "hep-ex",
      reportNumber   = "CMS-TOP-14-012, CERN-EP-2016-078,
                        FERMILAB-PUB-16-200-CMS",
      SLACcitation   = "%%CITATION = ARXIV:1605.00116;%%",
      journal        = "Phys. Rev. D",
      note           = "Submitted"
}
@Booklet{ATL-PHYS-PUB-2014-021,
    author         = "{ATLAS Collaboration}",
    title          = "{ATLAS Pythia~8 tunes to $7\;\mbox{TeV}$ data}",
    howpublished   = "{ATL-PHYS-PUB-2014-021}",
    url            = "http://cdsweb.cern.ch/record/1966419",
    year           = "2014",
}

